

@article{li2018joint,
  title={A joint model of conversational discourse and latent topics on microblogs},
  author={Li, Jing and Song, Yan and Wei, Zhongyu and Wong, Kam-Fai},
  journal={Computational Linguistics},
  volume={44},
  number={4},
  pages={719--754},
  year={2018},
  publisher={MIT Press}
}

@inproceedings{nejat2017exploring,
  title={Exploring joint neural model for sentence level discourse parsing and sentiment analysis},
  author={Nejat, Bita and Carenini, Giuseppe and Ng, Raymond},
  booktitle={Proceedings of the 18th Annual SIGdial Meeting on Discourse and Dialogue},
  pages={289--298},
  year={2017}
}

@inproceedings{chung2015recurrent,
  title={A recurrent latent variable model for sequential data},
  author={Chung, Junyoung and Kastner, Kyle and Dinh, Laurent and Goel, Kratarth and Courville, Aaron C and Bengio, Yoshua},
  booktitle={Advances in neural information processing systems},
  pages={2980--2988},
  year={2015}
}

@inproceedings{fraccaro2016sequential,
  title={Sequential neural models with stochastic layers},
  author={Fraccaro, Marco and S{\o}nderby, S{\o}ren Kaae and Paquet, Ulrich and Winther, Ole},
  booktitle={Advances in neural information processing systems},
  pages={2199--2207},
  year={2016}
}

@inproceedings{wang2018pipeline,
  title={A Pipeline for Optimizing F1-Measure in Multi-label Text Classification},
  author={Wang, Bingyu and Li, Cheng and Pavlu, Virgil and Aslam, Jay},
  booktitle={2018 17th IEEE International Conference on Machine Learning and Applications (ICMLA)},
  pages={913--918},
  year={2018},
  organization={IEEE}
}


@inproceedings{koyejo2015consistent,
  title={Consistent multilabel classification},
  author={Koyejo, Oluwasanmi O and Natarajan, Nagarajan and Ravikumar, Pradeep K and Dhillon, Inderjit S},
  booktitle={Advances in Neural Information Processing Systems},
  pages={3321--3329},
  year={2015}
}


@inproceedings{DBLP:conf/aaai/ChenCYW18,
  author    = {Shang{-}Fu Chen and
               Yi{-}Chen Chen and
               Chih{-}Kuan Yeh and
               Yu{-}Chiang Frank Wang},
  title     = {Order-Free {RNN} With Visual Attention for Multi-Label Classification},
  booktitle = {Proceedings of the Thirty-Second {AAAI} Conference on Artificial Intelligence,
               New Orleans, Louisiana, USA, February 2-7, 2018},
  year      = {2018},
  timestamp = {Thu, 03 May 2018 17:03:19 +0200},
  bibsource = {dblp computer science bibliography, https://dblp.org}
}

@inproceedings{DBLP:conf/iccv/WangCLXL17,
  author    = {Zhouxia Wang and
               Tianshui Chen and
               Guanbin Li and
               Ruijia Xu and
               Liang Lin},
  title     = {Multi-label Image Recognition by Recurrently Discovering Attentional
               Regions},
  booktitle = {{IEEE} International Conference on Computer Vision, {ICCV} 2017, Venice,
               Italy, October 22-29, 2017},
  pages     = {464--472},
  year      = {2017},
  timestamp = {Thu, 11 Jan 2018 13:21:37 +0100},
}

@inproceedings{DBLP:conf/icpr/JinN16,
  author    = {Jiren Jin and
               Hideki Nakayama},
  title     = {Annotation order matters: Recurrent Image Annotator for arbitrary
               length image tagging},
  booktitle = {23rd International Conference on Pattern Recognition, {ICPR} 2016,
               Canc{\'{u}}n, Mexico, December 4-8, 2016},
  pages     = {2452--2457},
  year      = {2016},
  timestamp = {Wed, 24 May 2017 08:30:46 +0200},
}

@inproceedings{DBLP:conf/cvpr/WangYMHHX16,
  author    = {Jiang Wang and
               Yi Yang and
               Junhua Mao and
               Zhiheng Huang and
               Chang Huang and
               Wei Xu},
  title     = {{CNN-RNN:} {A} Unified Framework for Multi-label Image Classification},
  booktitle = {2016 {IEEE} Conference on Computer Vision and Pattern Recognition,
               {CVPR} 2016, Las Vegas, NV, USA, June 27-30, 2016},
  pages     = {2285--2294},
  year      = {2016},
  timestamp = {Tue, 20 Mar 2018 23:50:04 +0100},
}


@article{DBLP:journals/corr/ZhangWSZL16,
  author    = {Junjie Zhang and
               Qi Wu and
               Chunhua Shen and
               Jian Zhang and
               Jianfeng Lu},
  title     = {Multi-Label Image Classification with Regional Latent Semantic Dependencies},
  journal   = {CoRR},
  volume    = {abs/1612.01082},
  year      = {2016},
  archivePrefix = {arXiv},
  timestamp = {Wed, 07 Jun 2017 14:41:19 +0200},
}

@article{DBLP:journals/corr/abs-1709-08553,
  author    = {Jingya Wang and
               Xiatian Zhu and
               Shaogang Gong and
               Wei Li},
  title     = {Attribute Recognition by Joint Recurrent Learning of Context and Correlation},
  journal   = {CoRR},
  volume    = {abs/1709.08553},
  year      = {2017},
  archivePrefix = {arXiv},
  timestamp = {Thu, 05 Oct 2017 09:42:54 +0200},
}

@inproceedings{DBLP:conf/nips/NamMKF17,
  author    = {Jinseok Nam and
               Loza Menc\'{i}a, Eneldo and
               Hyunwoo J. Kim and
               Johannes F{\"{u}}rnkranz},
  title     = {Maximizing Subset Accuracy with Recurrent Neural Networks in Multi-label
               Classification},
  booktitle = {Advances in Neural Information Processing Systems 30: Annual Conference
               on Neural Information Processing Systems 2017, 4-9 December 2017,
               Long Beach, CA, {USA}},
  pages     = {5419--5429},
  year      = {2017},
  timestamp = {Mon, 27 Nov 2017 12:38:48 +0100},
}

@article{hofmann2013probabilistic2,
  title={Probabilistic latent semantic analysis},
  author={Hofmann, Thomas},
  journal={arXiv preprint arXiv:1301.6705},
  year={2013}
}

@inproceedings{vaswani2017attention,
  title={Attention is all you need},
  author={Vaswani, Ashish and Shazeer, Noam and Parmar, Niki and Uszkoreit, Jakob and Jones, Llion and Gomez, Aidan N and Kaiser, {\L}ukasz and Polosukhin, Illia},
  booktitle={Advances in neural information processing systems},
  pages={5998--6008},
  year={2017}
}

@article{sukhbaatar2014training2,
  title={Training convolutional networks with noisy labels},
  author={Sukhbaatar, Sainbayar and Bruna, Joan and Paluri, Manohar and Bourdev, Lubomir and Fergus, Rob},
  journal={arXiv preprint arXiv:1406.2080},
  year={2014}
}

@article{dehghani2017fidelity2,
  title={Fidelity-weighted learning},
  author={Dehghani, Mostafa and Mehrjou, Arash and Gouws, Stephan and Kamps, Jaap and Sch{\"o}lkopf, Bernhard},
  journal={arXiv preprint arXiv:1711.02799},
  year={2017}
}

@article{friedman2001greedy2,
  title={Greedy function approximation: a gradient boosting machine},
  author={Friedman, Jerome H},
  journal={Annals of statistics},
  year={2001},
  publisher={JSTOR}
}

@article{sukhbaatar2014learning2,
  title={Learning from noisy labels with deep neural networks},
  author={Sukhbaatar, Sainbayar and Fergus, Rob},
  journal={arXiv preprint arXiv:1406.2080},
  volume={2},
  number={3},
  pages={4},
  year={2014},
  publisher={Citeseer}
}

@article{reed2014training2,
  title={Training deep neural networks on noisy labels with bootstrapping},
  author={Reed, Scott and Lee, Honglak and Anguelov, Dragomir and Szegedy, Christian and Erhan, Dumitru and Rabinovich, Andrew},
  journal={arXiv preprint arXiv:1412.6596},
  year={2014}
}

@article{goldberger2016training2,
  title={Training deep neural-networks using a noise adaptation layer},
  author={Goldberger, Jacob and Ben-Reuven, Ehud},
  year={2016}
}

@article{ji2016latent2,
  title={A latent variable recurrent neural network for discourse relation language models},
  author={Ji, Yangfeng and Haffari, Gholamreza and Eisenstein, Jacob},
  journal={arXiv preprint arXiv:1603.01913},
  year={2016}
}

@article{gulrajani2016pixelvae2,
  title={Pixelvae: A latent variable model for natural images},
  author={Gulrajani, Ishaan and Kumar, Kundan and Ahmed, Faruk and Taiga, Adrien Ali and Visin, Francesco and Vazquez, David and Courville, Aaron},
  journal={arXiv preprint arXiv:1611.05013},
  year={2016}
}

@inproceedings{DBLP:conf/www/SunMYTLC15,
  author    = {Huan Sun and
               Hao Ma and
               Wen{-}tau Yih and
               Chen{-}Tse Tsai and
               Jingjing Liu and
               Ming{-}Wei Chang},
  title     = {Open Domain Question Answering via Semantic Enrichment},
  booktitle = {Proceedings of the 24th International Conference on World Wide Web,
               {WWW} 2015, Florence, Italy, May 18-22, 2015},
  year      = {2015},
  timestamp = {Tue, 06 Nov 2018 16:57:08 +0100},
  bibsource = {dblp computer science bibliography, https://dblp.org}
}

@article{mann1988rhetorical,
  title={Rhetorical structure theory: Toward a functional theory of text organization},
  author={Mann, William C and Thompson, Sandra A},
  journal={Text-Interdisciplinary Journal for the Study of Discourse},
  volume={8},
  number={3},
  year={1988},
  publisher={Walter de Gruyter, Berlin/New York}
}

@inproceedings{DBLP:conf/sigdial/DasSBS18,
  author    = {Debopam Das and
               Tatjana Scheffler and
               Peter Bourgonje and
               Manfred Stede},
  title     = {Constructing a Lexicon of English Discourse Connectives},
  booktitle = {Proceedings of the 19th Annual SIGdial Meeting on Discourse and Dialogue,
               Melbourne, Australia, July 12-14, 2018},
  year      = {2018},
  timestamp = {Sat, 04 Aug 2018 15:18:06 +0200},
  bibsource = {dblp computer science bibliography, https://dblp.org}
}

@misc{das2014rst,
  title={RST signalling corpus annotation manual},
  author={Das, Debopam and Taboada, Maite},
  year={2014},
  publisher={Simon Fraser University. Available from: http://www. sfu. ca/\~{} mtaboada/docs~â€¦}
}

@inproceedings{DBLP:conf/naacl/MichaelSHDZ18,
  author    = {Julian Michael and
               Gabriel Stanovsky and
               Luheng He and
               Ido Dagan and
               Luke Zettlemoyer},
  title     = {Crowdsourcing Question-Answer Meaning Representations},
  booktitle = {Proceedings of the 2018 Conference of the North American Chapter of
               the Association for Computational Linguistics: Human Language Technologies,
               NAACL-HLT, New Orleans, Louisiana, USA, June 1-6, 2018, Volume 2 (Short
               Papers)},
  year      = {2018},
  timestamp = {Wed, 30 May 2018 15:04:59 +0200},
  bibsource = {dblp computer science bibliography, https://dblp.org}
}

@article{DBLP:journals/coling/MarcusSM94,
  author    = {Mitchell P. Marcus and
               Beatrice Santorini and
               Mary Ann Marcinkiewicz},
  title     = {Building a Large Annotated Corpus of English: The Penn Treebank},
  journal   = {Computational Linguistics},
  volume    = {19},
  number    = {2},
  year      = {1993},
  timestamp = {Tue, 06 Dec 2005 15:19:37 +0100},
  bibsource = {dblp computer science bibliography, https://dblp.org}
}

@misc{chollet2015keras,
  title={Keras},
  author={Chollet, Fran{\c{c}}ois and others},
  year={2015}
}

@article{DBLP:journals/corr/KingmaB14,
  author    = {Diederik P. Kingma and
               Jimmy Ba},
  title     = {Adam: {A} Method for Stochastic Optimization},
  journal   = {CoRR},
  volume    = {abs/1412.6980},
  year      = {2014},
  archivePrefix = {arXiv},
  timestamp = {Wed, 07 Jun 2017 14:40:52 +0200},
  bibsource = {dblp computer science bibliography, https://dblp.org}
}

@inproceedings{DBLP:conf/acl/ChoiHUPLB17,
  author    = {Eunsol Choi and
               Daniel Hewlett and
               Jakob Uszkoreit and
               Illia Polosukhin and
               Alexandre Lacoste and
               Jonathan Berant},
  title     = {Coarse-to-Fine Question Answering for Long Documents},
  booktitle = {Proceedings of the 55th Annual Meeting of the Association for Computational
               Linguistics, {ACL} 2017, Vancouver, Canada, July 30 - August 4, Volume
               1: Long Papers},
  year      = {2017},
  timestamp = {Fri, 04 Aug 2017 16:38:24 +0200},
  bibsource = {dblp computer science bibliography, https://dblp.org}
}

@article{DBLP:journals/ftir/RobertsonZ09,
  author    = {Stephen E. Robertson and
               Hugo Zaragoza},
  title     = {The Probabilistic Relevance Framework: {BM25} and Beyond},
  journal   = {Foundations and Trends in Information Retrieval},
  volume    = {3},
  number    = {4},
  year      = {2009},
  timestamp = {Wed, 14 Nov 2018 10:14:03 +0100},
  bibsource = {dblp computer science bibliography, https://dblp.org}
}

@inproceedings{DBLP:conf/osdi/AbadiBCCDDDGIIK16,
  author    = {Mart{\'{\i}}n Abadi and
               Paul Barham and
               Jianmin Chen and
               Zhifeng Chen and
               Andy Davis and
               Jeffrey Dean and
               Matthieu Devin and
               Sanjay Ghemawat and
               Geoffrey Irving and
               Michael Isard and
               Manjunath Kudlur and
               Josh Levenberg and
               Rajat Monga and
               Sherry Moore and
               Derek Gordon Murray and
               Benoit Steiner and
               Paul A. Tucker and
               Vijay Vasudevan and
               Pete Warden and
               Martin Wicke and
               Yuan Yu and
               Xiaoqiang Zheng},
  title     = {TensorFlow: {A} System for Large-Scale Machine Learning},
  booktitle = {12th {USENIX} Symposium on Operating Systems Design and Implementation,
               {OSDI} 2016, Savannah, GA, USA, November 2-4, 2016.},
  year      = {2016},
  timestamp = {Mon, 07 Nov 2016 14:38:04 +0100},
  bibsource = {dblp computer science bibliography, https://dblp.org}
}

@article{sporleder2007exploiting,
  title={Exploiting linguistic cues to classify rhetorical relations},
  author={Sporleder, Caroline and Lascarides, Alex},
  journal={Amsterdam studies in the theory and history of linguistic science Series 4},
  volume={292},
  year={2007},
  publisher={Amsterdam; Philadelphia; J. Benjamins Pub. Co; 1999}
}

@article{adequacyusing,
  title={Using Cue Phrases to Determine a Set of Rhetorical Relations},
  author={Adequacy, Descriptive},
  year={1993},
  booktitle={ORambow (ed) Intentionality and Structure in Discourse Relations: Proceedings of the ACL SIGGEN Workshop}
}

@inproceedings{bosma2005extending,
  title={Extending answers using discourse structure},
  author={Bosma, Wauter},
  booktitle={Proceedings of the RANLP Workshop on Crossing Barriers in Text Summarization Research, Borovets, Bulgaria},
  year={2005}
}

@inproceedings{DBLP:conf/clin/Bosma04,
  author    = {Wauter Bosma},
  title     = {Query-Based Summarization using Rhetorical Structure Theory},
  booktitle = {Computational Linguistics in the Netherlands 2004, Selected Papers
               from the Fifteenth {CLIN} Meeting, December 17, Leiden Centre for
               Linguistics},
  year      = {2004},
  timestamp = {Wed, 31 Jan 2007 09:06:03 +0100},
  bibsource = {dblp computer science bibliography, https://dblp.org}
}

@article{DBLP:journals/tal/VerberneBCO06,
  author    = {Suzan Verberne and
               Lou Boves and
               Peter{-}Arno Coppen and
               Nelleke Oostdijk},
  title     = {Discourse-based answering of why-questions},
  journal   = {{TAL}},
  volume    = {47},
  number    = {2},
  year      = {2006},
  timestamp = {Tue, 02 Jun 2015 19:44:19 +0200},
  bibsource = {dblp computer science bibliography, https://dblp.org}
}

@article{DBLP:journals/corr/abs-1810-04805,
  author    = {Jacob Devlin and
               Ming{-}Wei Chang and
               Kenton Lee and
               Kristina Toutanova},
  title     = {{BERT:} Pre-training of Deep Bidirectional Transformers for Language
               Understanding},
  journal   = {CoRR},
  volume    = {abs/1810.04805},
  year      = {2018},
  archivePrefix = {arXiv},
  timestamp = {Tue, 30 Oct 2018 20:39:56 +0100},
  bibsource = {dblp computer science bibliography, https://dblp.org}
}

@inproceedings{DBLP:conf/acl/JoshiCWZ17,
  author    = {Mandar Joshi and
               Eunsol Choi and
               Daniel S. Weld and
               Luke Zettlemoyer},
  title     = {TriviaQA: {A} Large Scale Distantly Supervised Challenge Dataset for
               Reading Comprehension},
  booktitle = {Proceedings of the 55th Annual Meeting of the Association for Computational
               Linguistics, {ACL} 2017, Vancouver, Canada, July 30 - August 4, Volume
               1: Long Papers},
  year      = {2017},
  timestamp = {Wed, 14 Nov 2018 10:51:41 +0100},
  bibsource = {dblp computer science bibliography, https://dblp.org}
}

@inproceedings{DBLP:conf/nips/HermannKGEKSB15,
  author    = {Karl Moritz Hermann and
               Tom{\'{a}}s Kocisk{\'{y}} and
               Edward Grefenstette and
               Lasse Espeholt and
               Will Kay and
               Mustafa Suleyman and
               Phil Blunsom},
  title     = {Teaching Machines to Read and Comprehend},
  booktitle = {Advances in Neural Information Processing Systems 28: Annual Conference
               on Neural Information Processing Systems 2015, December 7-12, 2015,
               Montreal, Quebec, Canada},
  year      = {2015},
  timestamp = {Fri, 08 Apr 2016 19:32:52 +0200},
  bibsource = {dblp computer science bibliography, https://dblp.org}
}

@inproceedings{DBLP:conf/emnlp/RajpurkarZLL16,
  author    = {Pranav Rajpurkar and
               Jian Zhang and
               Konstantin Lopyrev and
               Percy Liang},
  title     = {SQuAD: 100, 000+ Questions for Machine Comprehension of Text},
  booktitle = {Proceedings of the 2016 Conference on Empirical Methods in Natural
               Language Processing, {EMNLP} 2016, Austin, Texas, USA, November 1-4,
               2016},
  year      = {2016},
  timestamp = {Fri, 04 Nov 2016 14:45:31 +0100},
  bibsource = {dblp computer science bibliography, https://dblp.org}
}

@inproceedings{DBLP:conf/acl/JansenSC14,
  author    = {Peter Jansen and
               Mihai Surdeanu and
               Peter Clark},
  title     = {Discourse Complements Lexical Semantics for Non-factoid Answer Reranking},
  booktitle = {Proceedings of the 52nd Annual Meeting of the Association for Computational
               Linguistics, {ACL} 2014, June 22-27, 2014, Baltimore, MD, USA, Volume
               1: Long Papers},
  year      = {2014},
  timestamp = {Mon, 28 Jul 2014 19:09:09 +0200},
  bibsource = {dblp computer science bibliography, https://dblp.org}
}

@inproceedings{chai2004discourse,
  title={Discourse structure for context question answering},
  author={Chai, Joyce Y and Jin, Rong},
  booktitle={Proceedings of the Workshop on Pragmatics of Question Answering at HLT-NAACL 2004},
  year={2004}
}

@inproceedings{DBLP:conf/acl/NarasimhanB15,
  author    = {Karthik Narasimhan and
               Regina Barzilay},
  title     = {Machine Comprehension with Discourse Relations},
  booktitle = {Proceedings of the 53rd Annual Meeting of the Association for Computational
               Linguistics and the 7th International Joint Conference on Natural
               Language Processing of the Asian Federation of Natural Language Processing,
               {ACL} 2015, July 26-31, 2015, Beijing, China, Volume 1: Long Papers},
  year      = {2015},
  timestamp = {Sun, 02 Aug 2015 19:26:07 +0200},
  bibsource = {dblp computer science bibliography, https://dblp.org}
}

@inproceedings{DBLP:conf/lrec/PrasadDLMRJW08,
  author    = {Rashmi Prasad and
               Nikhil Dinesh and
               Alan Lee and
               Eleni Miltsakaki and
               Livio Robaldo and
               Aravind K. Joshi and
               Bonnie L. Webber},
  title     = {The Penn Discourse TreeBank 2.0},
  booktitle = {Proceedings of the International Conference on Language Resources
               and Evaluation, {LREC} 2008, 26 May - 1 June 2008, Marrakech, Morocco},
  year      = {2008},
  timestamp = {Fri, 04 Jun 2010 15:14:09 +0200},
  bibsource = {dblp computer science bibliography, https://dblp.org}
}

@article{DBLP:journals/ijsc/BiranR11,
  author    = {Or Biran and
               Owen Rambow},
  title     = {Identifying Justifications in Written Dialogs by Classifying Text
               as Argumentative},
  journal   = {Int. J. Semantic Computing},
  volume    = {5},
  number    = {4},
  year      = {2011},
  timestamp = {Sat, 27 May 2017 14:23:01 +0200},
  bibsource = {dblp computer science bibliography, https://dblp.org}
}

@inproceedings{DBLP:conf/emnlp/StabG14,
  author    = {Christian Stab and
               Iryna Gurevych},
  title     = {Identifying Argumentative Discourse Structures in Persuasive Essays},
  booktitle = {Proceedings of the 2014 Conference on Empirical Methods in Natural
               Language Processing, {EMNLP} 2014, October 25-29, 2014, Doha, Qatar,
               {A} meeting of SIGDAT, a Special Interest Group of the {ACL}},
  year      = {2014},
  timestamp = {Sat, 15 Nov 2014 14:45:18 +0100},
  bibsource = {dblp computer science bibliography, https://dblp.org}
}

@phdthesis{marcu1998rhetorical,
  title={The rhetorical parsing, summarization, and generation of natural language texts. Toronto, University of Toronto},
  author={Marcu, D},
  year={1998},
  school={Tesis doctoral}
}


@article{DBLP:journals/corr/cs-CL-0006023,
  author    = {Andreas Stolcke and
               Klaus Ries and
               Noah Coccaro and
               Elizabeth Shriberg and
               Rebecca A. Bates and
               Daniel Jurafsky and
               Paul Taylor and
               Rachel Martin and
               Carol Van Ess{-}Dykema and
               Marie Meteer},
  title     = {Dialogue Act Modeling for Automatic Tagging and Recognition of Conversational
               Speech},
  journal   = {CoRR},
  volume    = {cs.CL/0006023},
  year      = {2000},
  timestamp = {Mon, 13 Aug 2018 16:47:24 +0200},
  bibsource = {dblp computer science bibliography, https://dblp.org}
}

@inproceedings{DBLP:conf/acl/OhTHSSO13,
  author    = {Jong{-}Hoon Oh and
               Kentaro Torisawa and
               Chikara Hashimoto and
               Motoki Sano and
               Stijn De Saeger and
               Kiyonori Ohtake},
  title     = {Why-Question Answering using Intra- and Inter-Sentential Causal Relations},
  booktitle = {Proceedings of the 51st Annual Meeting of the Association for Computational
               Linguistics, {ACL} 2013, 4-9 August 2013, Sofia, Bulgaria, Volume
               1: Long Papers},
  year      = {2013},
  timestamp = {Tue, 26 Nov 2013 16:42:48 +0100},
  bibsource = {dblp computer science bibliography, https://dblp.org}
}

@article{DBLP:journals/ir/VerberneHTRB11,
  author    = {Suzan Verberne and
               Hans van Halteren and
               Daphne Theijssen and
               Stephan Raaijmakers and
               Lou Boves},
  title     = {Learning to rank for\emph{ why}-question answering},
  journal   = {Inf. Retr.},
  volume    = {14},
  number    = {2},
  year      = {2011},
  timestamp = {Fri, 30 Nov 2018 13:24:52 +0100},
  bibsource = {dblp computer science bibliography, https://dblp.org}
}

@inproceedings{DBLP:conf/naacl/JiHE16,
  author    = {Yangfeng Ji and
               Gholamreza Haffari and
               Jacob Eisenstein},
  title     = {A Latent Variable Recurrent Neural Network for Discourse-Driven Language
               Models},
  booktitle = {{NAACL} {HLT} 2016, The 2016 Conference of the North American Chapter
               of the Association for Computational Linguistics: Human Language Technologies,
               San Diego California, USA, June 12-17, 2016},
  year      = {2016},
  timestamp = {Tue, 13 Sep 2016 20:32:15 +0200},
  bibsource = {dblp computer science bibliography, https://dblp.org}
}

@inproceedings{DBLP:conf/acl/ChenFWB17,
  author    = {Danqi Chen and
               Adam Fisch and
               Jason Weston and
               Antoine Bordes},
  title     = {Reading Wikipedia to Answer Open-Domain Questions},
  booktitle = {Proceedings of the 55th Annual Meeting of the Association for Computational
               Linguistics, {ACL} 2017, Vancouver, Canada, July 30 - August 4, Volume
               1: Long Papers},
  year      = {2017},
  timestamp = {Fri, 04 Aug 2017 16:38:24 +0200},
  bibsource = {dblp computer science bibliography, https://dblp.org}
}

@inproceedings{DBLP:conf/acl/RajpurkarJL18,
  author    = {Pranav Rajpurkar and
               Robin Jia and
               Percy Liang},
  title     = {Know What You Don't Know: Unanswerable Questions for SQuAD},
  booktitle = {Proceedings of the 56th Annual Meeting of the Association for Computational
               Linguistics, {ACL} 2018, Melbourne, Australia, July 15-20, 2018, Volume
               2: Short Papers},
  year      = {2018},
  timestamp = {Thu, 12 Jul 2018 14:22:48 +0200},
  bibsource = {dblp computer science bibliography, https://dblp.org}
}

@inproceedings{DBLP:conf/aaai/AydinYLLGD14,
  author    = {Bahadir Ismail Aydin and
               Yavuz Selim Yilmaz and
               Yaliang Li and
               Qi Li and
               Jing Gao and
               Murat Demirbas},
  title     = {Crowdsourcing for Multiple-Choice Question Answering},
  booktitle = {Proceedings of the Twenty-Eighth {AAAI} Conference on Artificial Intelligence,
               July 27 -31, 2014, Qu{\'{e}}bec City, Qu{\'{e}}bec, Canada.},
  year      = {2014},
  timestamp = {Sat, 01 Sep 2018 20:51:56 +0200},
  bibsource = {dblp computer science bibliography, https://dblp.org}
}

@inproceedings{DBLP:conf/aaai/KhashabiKSR18,
  author    = {Daniel Khashabi and
               Tushar Khot and
               Ashish Sabharwal and
               Dan Roth},
  title     = {Question Answering as Global Reasoning Over Semantic Abstractions},
  booktitle = {Proceedings of the Thirty-Second {AAAI} Conference on Artificial Intelligence,
               (AAAI-18), the 30th innovative Applications of Artificial Intelligence
               (IAAI-18), and the 8th {AAAI} Symposium on Educational Advances in
               Artificial Intelligence (EAAI-18), New Orleans, Louisiana, USA, February
               2-7, 2018},
  year      = {2018},
  timestamp = {Tue, 23 Oct 2018 06:42:15 +0200},
  bibsource = {dblp computer science bibliography, https://dblp.org}
}

@article{DBLP:journals/corr/LeeKP016,
  author    = {Kenton Lee and
               Tom Kwiatkowski and
               Ankur P. Parikh and
               Dipanjan Das},
  title     = {Learning Recurrent Span Representations for Extractive Question Answering},
  journal   = {CoRR},
  volume    = {abs/1611.01436},
  year      = {2016},
  archivePrefix = {arXiv},
  timestamp = {Mon, 13 Aug 2018 16:48:23 +0200},
  bibsource = {dblp computer science bibliography, https://dblp.org}
}

@inproceedings{DBLP:conf/acl/KadlecSBK16,
  author    = {Rudolf Kadlec and
               Martin Schmid and
               Ondrej Bajgar and
               Jan Kleindienst},
  title     = {Text Understanding with the Attention Sum Reader Network},
  booktitle = {Proceedings of the 54th Annual Meeting of the Association for Computational
               Linguistics, {ACL} 2016, August 7-12, 2016, Berlin, Germany, Volume
               1: Long Papers},
  year      = {2016},
  timestamp = {Mon, 15 Aug 2016 20:10:51 +0200},
  bibsource = {dblp computer science bibliography, https://dblp.org}
}

@inproceedings{DBLP:conf/kdd/ShenHGC17,
  author    = {Yelong Shen and
               Po{-}Sen Huang and
               Jianfeng Gao and
               Weizhu Chen},
  title     = {ReasoNet: Learning to Stop Reading in Machine Comprehension},
  booktitle = {Proceedings of the 23rd {ACM} {SIGKDD} International Conference on
               Knowledge Discovery and Data Mining, Halifax, NS, Canada, August 13
               - 17, 2017},
  year      = {2017},
  timestamp = {Wed, 14 Nov 2018 10:52:06 +0100},
  bibsource = {dblp computer science bibliography, https://dblp.org}
}

@inproceedings{DBLP:conf/acl/QinWK17,
  author    = {Kechen Qin and
               Lu Wang and
               Joseph Kim},
  title     = {Joint Modeling of Content and Discourse Relations in Dialogues},
  booktitle = {Proceedings of the 55th Annual Meeting of the Association for Computational
               Linguistics, {ACL} 2017, Vancouver, Canada, July 30 - August 4, Volume
               1: Long Papers},
  year      = {2017},
  timestamp = {Fri, 04 Aug 2017 16:38:24 +0200},
  bibsource = {dblp computer science bibliography, https://dblp.org}
}

@article{DBLP:journals/dad/BursteinTC13,
  author    = {Jill Burstein and
               Joel R. Tetreault and
               Martin Chodorow},
  title     = {Holistic Discourse Coherence Annotation for Noisy Essay Writing},
  journal   = {D{\&}D},
  volume    = {4},
  number    = {2},
  year      = {2013},
  timestamp = {Tue, 01 Mar 2016 15:36:30 +0100},
  bibsource = {dblp computer science bibliography, https://dblp.org}
}

@article{DBLP:journals/tacl/WangBSQ17,
  author    = {Lu Wang and
               Nick Beauchamp and
               Sarah Shugars and
               Kechen Qin},
  title     = {Winning on the Merits: The Joint Effects of Content and Style on Debate
               Outcomes},
  journal   = {{TACL}},
  volume    = {5},
  year      = {2017},
  timestamp = {Tue, 25 Jul 2017 16:35:21 +0200},
  bibsource = {dblp computer science bibliography, https://dblp.org}
}

@inproceedings{DBLP:conf/sigir/PragerBCR00,
  author    = {John M. Prager and
               Eric W. Brown and
               Anni Coden and
               Dragomir R. Radev},
  title     = {Question-answering by predictive annotation},
  booktitle = {{SIGIR} 2000: Proceedings of the 23rd Annual International {ACM} {SIGIR}
               Conference on Research and Development in Information Retrieval, July
               24-28, 2000, Athens, Greece},
  year      = {2000},
  timestamp = {Tue, 06 Nov 2018 11:07:25 +0100},
  bibsource = {dblp computer science bibliography, https://dblp.org}
}

@inproceedings{DBLP:conf/flairs/RooneyWB12,
  author    = {Niall Rooney and
               Hui Wang and
               Fiona Browne},
  title     = {Applying Kernel Methods to Argumentation Mining},
  booktitle = {Proceedings of the Twenty-Fifth International Florida Artificial Intelligence
               Research Society Conference, Marco Island, Florida, USA, May 23-25,
               2012},
  year      = {2012},
  timestamp = {Tue, 19 Jun 2018 19:33:47 +0200},
  bibsource = {dblp computer science bibliography, https://dblp.org}
}


@inproceedings{DBLP:conf/acl/FengH11,
  author    = {Vanessa Wei Feng and
               Graeme Hirst},
  title     = {Classifying arguments by scheme},
  booktitle = {The 49th Annual Meeting of the Association for Computational Linguistics:
               Human Language Technologies, Proceedings of the Conference, 19-24
               June, 2011, Portland, Oregon, {USA}},
  year      = {2011},
  timestamp = {Tue, 16 Jan 2018 17:41:33 +0100},
  bibsource = {dblp computer science bibliography, https://dblp.org}
}

@phdthesis{teufel1999argumentative,
  title={Argumentative zoning: Information extraction from scientific text},
  author={Teufel, Simone and others},
  year={1999},
  school={Citeseer}
}

@inproceedings{DBLP:conf/lrec/ReedPRM08,
  author    = {Chris Reed and
               Raquel Mochales Palau and
               Glenn Rowe and
               Marie{-}Francine Moens},
  title     = {Language Resources for Studying Argument},
  booktitle = {Proceedings of the International Conference on Language Resources
               and Evaluation, {LREC} 2008, 26 May - 1 June 2008, Marrakech, Morocco},
  year      = {2008},
  timestamp = {Fri, 04 Jun 2010 15:14:11 +0200},
  bibsource = {dblp computer science bibliography, https://dblp.org}
}

@inproceedings{DBLP:conf/coling/StabG14,
  author    = {Christian Stab and
               Iryna Gurevych},
  title     = {Annotating Argument Components and Relations in Persuasive Essays},
  booktitle = {{COLING} 2014, 25th International Conference on Computational Linguistics,
               Proceedings of the Conference: Technical Papers, August 23-29, 2014,
               Dublin, Ireland},
  year      = {2014},
  timestamp = {Mon, 06 Oct 2014 09:58:51 +0200},
  bibsource = {dblp computer science bibliography, https://dblp.org}
}

@phdthesis{assiri2011test,
  title={Test-taking strategy use on the reading section of the TOEFL iBT: A study of Arab ESL learners},
  author={Assiri, Mohammed S},
  year={2011},
  school={Oklahoma State University}
}

@inproceedings{sungatullina2016metacognitive,
  title={Metacognitive awareness of TOEFL reading comprehension strategies},
  author={Sungatullina, Dilyana D and Zalyaeva, Ekaterina O and Gorelova, Yuliya N},
  booktitle={SHS Web of Conferences},
  volume={26},
  year={2016},
  organization={EDP Sciences}
}

@inproceedings{DBLP:conf/emnlp/DaxenbergerEHSG17,
  author    = {Johannes Daxenberger and
               Steffen Eger and
               Ivan Habernal and
               Christian Stab and
               Iryna Gurevych},
  title     = {What is the Essence of a Claim? Cross-Domain Claim Identification},
  booktitle = {Proceedings of the 2017 Conference on Empirical Methods in Natural
               Language Processing, {EMNLP} 2017, Copenhagen, Denmark, September
               9-11, 2017},
  year      = {2017},
  timestamp = {Tue, 30 Jan 2018 13:42:04 +0100},
  bibsource = {dblp computer science bibliography, https://dblp.org}
}

@inproceedings{DBLP:conf/acl/WangYWCZ17,
  author    = {Wenhui Wang and
               Nan Yang and
               Furu Wei and
               Baobao Chang and
               Ming Zhou},
  title     = {Gated Self-Matching Networks for Reading Comprehension and Question
               Answering},
  booktitle = {Proceedings of the 55th Annual Meeting of the Association for Computational
               Linguistics, {ACL} 2017, Vancouver, Canada, July 30 - August 4, Volume
               1: Long Papers},
  year      = {2017},
  timestamp = {Tue, 12 Jun 2018 12:05:49 +0200},
  bibsource = {dblp computer science bibliography, https://dblp.org}
}

@article{DBLP:journals/corr/PanLZCCH17,
  author    = {Boyuan Pan and
               Hao Li and
               Zhou Zhao and
               Bin Cao and
               Deng Cai and
               Xiaofei He},
  title     = {{MEMEN:} Multi-layer Embedding with Memory Networks for Machine Comprehension},
  journal   = {CoRR},
  volume    = {abs/1707.09098},
  year      = {2017},
  archivePrefix = {arXiv},
  timestamp = {Mon, 13 Aug 2018 16:48:46 +0200},
  bibsource = {dblp computer science bibliography, https://dblp.org}
}

@inproceedings{DBLP:conf/acl/CuiCWWLH17,
  author    = {Yiming Cui and
               Zhipeng Chen and
               Si Wei and
               Shijin Wang and
               Ting Liu and
               Guoping Hu},
  title     = {Attention-over-Attention Neural Networks for Reading Comprehension},
  booktitle = {Proceedings of the 55th Annual Meeting of the Association for Computational
               Linguistics, {ACL} 2017, Vancouver, Canada, July 30 - August 4, Volume
               1: Long Papers},
  year      = {2017},
  timestamp = {Wed, 20 Jun 2018 18:54:06 +0200},
  bibsource = {dblp computer science bibliography, https://dblp.org}
}


@inproceedings{DBLP:conf/iclr/XiongZS17,
  author    = {Caiming Xiong and
               Victor Zhong and
               Richard Socher},
  title     = {Dynamic Coattention Networks For Question Answering},
  booktitle = {5th International Conference on Learning Representations, {ICLR} 2017,
               Toulon, France, April 24-26, 2017, Conference Track Proceedings},
  year      = {2017},
  timestamp = {Thu, 04 Apr 2019 13:20:07 +0200},
  bibsource = {dblp computer science bibliography, https://dblp.org}
}

@article{DBLP:journals/corr/YuHBP14,
  author    = {Lei Yu and
               Karl Moritz Hermann and
               Phil Blunsom and
               Stephen Pulman},
  title     = {Deep Learning for Answer Sentence Selection},
  journal   = {CoRR},
  volume    = {abs/1412.1632},
  year      = {2014},
  archivePrefix = {arXiv},
  timestamp = {Mon, 13 Aug 2018 16:47:00 +0200},
  bibsource = {dblp computer science bibliography, https://dblp.org}
}

@inproceedings{DBLP:conf/asru/FengXGWZ15,
  author    = {Minwei Feng and
               Bing Xiang and
               Michael R. Glass and
               Lidan Wang and
               Bowen Zhou},
  title     = {Applying deep learning to answer selection: {A} study and an open
               task},
  booktitle = {2015 {IEEE} Workshop on Automatic Speech Recognition and Understanding,
               {ASRU} 2015, Scottsdale, AZ, USA, December 13-17, 2015},
  year      = {2015},
  timestamp = {Fri, 26 May 2017 00:51:03 +0200},
  bibsource = {dblp computer science bibliography, https://dblp.org}
}

@article{DBLP:journals/corr/TanXZ15,
  author    = {Ming Tan and
               Bing Xiang and
               Bowen Zhou},
  title     = {LSTM-based Deep Learning Models for non-factoid answer selection},
  journal   = {CoRR},
  volume    = {abs/1511.04108},
  year      = {2015},
  archivePrefix = {arXiv},
  timestamp = {Mon, 13 Aug 2018 16:46:33 +0200},
  bibsource = {dblp computer science bibliography, https://dblp.org}
}

@inproceedings{DBLP:conf/emnlp/LiLJH15,
  author    = {Jiwei Li and
               Thang Luong and
               Dan Jurafsky and
               Eduard H. Hovy},
  title     = {When Are Tree Structures Necessary for Deep Learning of Representations?},
  booktitle = {Proceedings of the 2015 Conference on Empirical Methods in Natural
               Language Processing, {EMNLP} 2015, Lisbon, Portugal, September 17-21,
               2015},
  year      = {2015},
  timestamp = {Wed, 14 Oct 2015 09:56:24 +0200},
  bibsource = {dblp computer science bibliography, https://dblp.org}
}

@inproceedings{prasad2008penn,
  title={The Penn Discourse TreeBank 2.0.},
  author={Prasad, Rashmi and Dinesh, Nikhil and Lee, Alan and Miltsakaki, Eleni and Robaldo, Livio and Joshi, Aravind K and Webber, Bonnie L},
  booktitle={LREC},
  year={2008},
  organization={Citeseer}
}

@book{brown1983discourse,
  title={Discourse analysis},
  author={Brown, Gillian and Gillian, Brown and Yule, George},
  year={1983},
  publisher={Cambridge university press}
}

@article{DBLP:journals/corr/SordoniBB16,
  author    = {Alessandro Sordoni and
               Phillip Bachman and
               Yoshua Bengio},
  title     = {Iterative Alternating Neural Attention for Machine Reading},
  journal   = {CoRR},
  volume    = {abs/1606.02245},
  year      = {2016},
  archivePrefix = {arXiv},
  timestamp = {Mon, 13 Aug 2018 16:46:22 +0200},
  bibsource = {dblp computer science bibliography, https://dblp.org}
}

@inproceedings{DBLP:journals/corr/HillBCW15,
  author    = {Felix Hill and
               Antoine Bordes and
               Sumit Chopra and
               Jason Weston},
  title     = {The Goldilocks Principle: Reading Children's Books with Explicit Memory
               Representations},
  booktitle = {4th International Conference on Learning Representations, {ICLR} 2016,
               San Juan, Puerto Rico, May 2-4, 2016, Conference Track Proceedings},
  year      = {2016},
  timestamp = {Fri, 29 Mar 2019 10:35:07 +0100},
  bibsource = {dblp computer science bibliography, https://dblp.org}
}

@inproceedings{DBLP:conf/icml/KumarIOIBGZPS16,
  author    = {Ankit Kumar and
               Ozan Irsoy and
               Peter Ondruska and
               Mohit Iyyer and
               James Bradbury and
               Ishaan Gulrajani and
               Victor Zhong and
               Romain Paulus and
               Richard Socher},
  title     = {Ask Me Anything: Dynamic Memory Networks for Natural Language Processing},
  booktitle = {Proceedings of the 33nd International Conference on Machine Learning,
               {ICML} 2016, New York City, NY, USA, June 19-24, 2016},
  year      = {2016},
  timestamp = {Wed, 03 Apr 2019 18:02:22 +0200},
  bibsource = {dblp computer science bibliography, https://dblp.org}
}

@inproceedings{DBLP:conf/naacl/DhingraJYCS18,
  author    = {Bhuwan Dhingra and
               Qiao Jin and
               Zhilin Yang and
               William W. Cohen and
               Ruslan Salakhutdinov},
  title     = {Neural Models for Reasoning over Multiple Mentions Using Coreference},
  booktitle = {Proceedings of the 2018 Conference of the North American Chapter of
               the Association for Computational Linguistics: Human Language Technologies,
               NAACL-HLT, New Orleans, Louisiana, USA, June 1-6, 2018, Volume 2 (Short
               Papers)},
  year      = {2018},
  timestamp = {Wed, 30 May 2018 15:04:59 +0200},
  bibsource = {dblp computer science bibliography, https://dblp.org}
}

@inproceedings{DBLP:conf/ijcai/HuPHQW018,
  author    = {Minghao Hu and
               Yuxing Peng and
               Zhen Huang and
               Xipeng Qiu and
               Furu Wei and
               Ming Zhou},
  title     = {Reinforced Mnemonic Reader for Machine Reading Comprehension},
  booktitle = {Proceedings of the Twenty-Seventh International Joint Conference on
               Artificial Intelligence, {IJCAI} 2018, July 13-19, 2018, Stockholm,
               Sweden.},
  year      = {2018},
  timestamp = {Sat, 28 Jul 2018 14:39:21 +0200},
  bibsource = {dblp computer science bibliography, https://dblp.org}
}

@inproceedings{DBLP:conf/acl/DhingraLYCS17,
  author    = {Bhuwan Dhingra and
               Hanxiao Liu and
               Zhilin Yang and
               William W. Cohen and
               Ruslan Salakhutdinov},
  title     = {Gated-Attention Readers for Text Comprehension},
  booktitle = {Proceedings of the 55th Annual Meeting of the Association for Computational
               Linguistics, {ACL} 2017, Vancouver, Canada, July 30 - August 4, Volume
               1: Long Papers},
  year      = {2017},
  timestamp = {Fri, 04 Aug 2017 16:38:24 +0200},
  bibsource = {dblp computer science bibliography, https://dblp.org}
}

@inproceedings{DBLP:conf/nips/SukhbaatarSWF15,
  author    = {Sainbayar Sukhbaatar and
               Arthur Szlam and
               Jason Weston and
               Rob Fergus},
  title     = {End-To-End Memory Networks},
  booktitle = {Advances in Neural Information Processing Systems 28: Annual Conference
               on Neural Information Processing Systems 2015, December 7-12, 2015,
               Montreal, Quebec, Canada},
  year      = {2015},
  timestamp = {Fri, 08 Apr 2016 19:32:52 +0200},
  bibsource = {dblp computer science bibliography, https://dblp.org}
}

@inproceedings{DBLP:conf/iclr/SeoKFH17,
  author    = {Min Joon Seo and
               Aniruddha Kembhavi and
               Ali Farhadi and
               Hannaneh Hajishirzi},
  title     = {Bidirectional Attention Flow for Machine Comprehension},
  booktitle = {5th International Conference on Learning Representations, {ICLR} 2017,
               Toulon, France, April 24-26, 2017, Conference Track Proceedings},
  year      = {2017},
  timestamp = {Thu, 04 Apr 2019 13:20:07 +0200},
  bibsource = {dblp computer science bibliography, https://dblp.org}
}

@article{DBLP:journals/corr/abs-1804-09541,
  author    = {Adams Wei Yu and
               David Dohan and
               Minh{-}Thang Luong and
               Rui Zhao and
               Kai Chen and
               Mohammad Norouzi and
               Quoc V. Le},
  title     = {QANet: Combining Local Convolution with Global Self-Attention for
               Reading Comprehension},
  journal   = {CoRR},
  volume    = {abs/1804.09541},
  year      = {2018},
  archivePrefix = {arXiv},
  timestamp = {Mon, 13 Aug 2018 16:48:18 +0200},
  bibsource = {dblp computer science bibliography, https://dblp.org}
}

@inproceedings{DBLP:conf/acl/TanSXZ16,
  author    = {Ming Tan and
               C{\'{\i}}cero Nogueira dos Santos and
               Bing Xiang and
               Bowen Zhou},
  title     = {Improved Representation Learning for Question Answer Matching},
  booktitle = {Proceedings of the 54th Annual Meeting of the Association for Computational
               Linguistics, {ACL} 2016, August 7-12, 2016, Berlin, Germany, Volume
               1: Long Papers},
  year      = {2016},
  timestamp = {Tue, 16 Aug 2016 08:34:35 +0200},
  bibsource = {dblp computer science bibliography, https://dblp.org}
}

@inproceedings{konda2000actor,
  title={Actor-critic algorithms},
  author={Konda, Vijay R and Tsitsiklis, John N},
  booktitle={Advances in neural information processing systems},
  year={2000}
}
@article{peters2008natural,
  title={Natural actor-critic},
  author={Peters, Jan and Schaal, Stefan},
  journal={Neurocomputing},
  volume={71},
  number={7-9},
  year={2008},
  publisher={Elsevier}
}
@article{mnih2015human,
  title={Human-level control through deep reinforcement learning},
  author={Mnih, Volodymyr and Kavukcuoglu, Koray and Silver, David and Rusu, Andrei A and Veness, Joel and Bellemare, Marc G and Graves, Alex and Riedmiller, Martin and Fidjeland, Andreas K and Ostrovski, Georg and others},
  journal={Nature},
  volume={518},
  number={7540},
  year={2015},
  publisher={Nature Publishing Group}
}
@inproceedings{sutton2000policy,
  title={Policy gradient methods for reinforcement learning with function approximation},
  author={Sutton, Richard S and McAllester, David A and Singh, Satinder P and Mansour, Yishay},
  booktitle={Advances in neural information processing systems},
  year={2000}
}

@inproceedings{DBLP:conf/acl/MinZZH19,
  author    = {Sewon Min and
               Victor Zhong and
               Luke Zettlemoyer and
               Hannaneh Hajishirzi},
  title     = {Multi-hop Reading Comprehension through Question Decomposition and
               Rescoring},
  booktitle = {Proceedings of the 57th Conference of the Association for Computational
               Linguistics, {ACL} 2019, Florence, Italy, July 28- August 2, 2019,
               Volume 1: Long Papers},
  year      = {2019},
  timestamp = {Mon, 19 Aug 2019 18:08:28 +0200},
}

@inproceedings{tanaka2018joint,
  title={Joint optimization framework for learning with noisy labels},
  author={Tanaka, Daiki and Ikami, Daiki and Yamasaki, Toshihiko and Aizawa, Kiyoharu},
  booktitle={Proceedings of the IEEE Conference on Computer Vision and Pattern Recognition},
  pages={5552--5560},
  year={2018}
}

@inproceedings{zhang2018generalized,
  title={Generalized cross entropy loss for training deep neural networks with noisy labels},
  author={Zhang, Zhilu and Sabuncu, Mert},
  booktitle={Advances in neural information processing systems},
  pages={8778--8788},
  year={2018}
}








@inproceedings{yuan2018iterative,
  title={Iterative cross learning on noisy labels},
  author={Yuan, Bodi and Chen, Jianyu and Zhang, Weidong and Tai, Hung-Shuo and McMains, Sara},
  booktitle={2018 IEEE Winter Conference on Applications of Computer Vision (WACV)},
  pages={757--765},
  year={2018},
  organization={IEEE}
}

@article{wu2018light,
  title={A light cnn for deep face representation with noisy labels},
  author={Wu, Xiang and He, Ran and Sun, Zhenan and Tan, Tieniu},
  journal={IEEE Transactions on Information Forensics and Security},
  volume={13},
  number={11},
  pages={2884--2896},
  year={2018},
  publisher={IEEE}
}




@inproceedings{yi2019probabilistic,
  title={Probabilistic end-to-end noise correction for learning with noisy labels},
  author={Yi, Kun and Wu, Jianxin},
  booktitle={Proceedings of the IEEE Conference on Computer Vision and Pattern Recognition},
  pages={7017--7025},
  year={2019}
}



@inproceedings{han2019deep,
  title={Deep self-learning from noisy labels},
  author={Han, Jiangfan and Luo, Ping and Wang, Xiaogang},
  booktitle={Proceedings of the IEEE International Conference on Computer Vision},
  pages={5138--5147},
  year={2019}
}

@book{murphy2012machine,
  title={Machine learning: a probabilistic perspective},
  author={Murphy, Kevin P},
  year={2012},
  publisher={MIT press}
}


@article{blei2003latent,
  title={Latent dirichlet allocation},
  author={Blei, David M and Ng, Andrew Y and Jordan, Michael I},
  journal={Journal of machine Learning research},
  volume={3},
  number={Jan},
  pages={993--1022},
  year={2003}
}


@inproceedings{wang2006hidden,
  title={Hidden conditional random fields for gesture recognition},
  author={Wang, Sy Bor and Quattoni, Ariadna and Morency, L-P and Demirdjian, David and Darrell, Trevor},
  booktitle={2006 IEEE Computer Society Conference on Computer Vision and Pattern Recognition (CVPR'06)},
  volume={2},
  pages={1521--1527},
  year={2006},
  organization={IEEE}
}

@inproceedings{DBLP:conf/emnlp/ChoMGBBSB14,
  author    = {Kyunghyun Cho and
               Bart van Merrienboer and
               {\c{C}}aglar G{\"{u}}l{\c{c}}ehre and
               Dzmitry Bahdanau and
               Fethi Bougares and
               Holger Schwenk and
               Yoshua Bengio},
  title     = {Learning Phrase Representations using {RNN} Encoder-Decoder for Statistical
               Machine Translation},
  booktitle = {Proceedings of the 2014 Conference on Empirical Methods in Natural
               Language Processing, {EMNLP} 2014, October 25-29, 2014, Doha, Qatar,
               {A} meeting of SIGDAT, a Special Interest Group of the {ACL}},
  pages     = {1724--1734},
  year      = {2014},
  timestamp = {Sat, 15 Nov 2014 14:45:18 +0100},
}

@article{DBLP:journals/corr/BahdanauCB14,
  author    = {Dzmitry Bahdanau and
               Kyunghyun Cho and
               Yoshua Bengio},
  title     = {Neural Machine Translation by Jointly Learning to Align and Translate},
  journal   = {CoRR},
  volume    = {abs/1409.0473},
  year      = {2014},
  archivePrefix = {arXiv},
  timestamp = {Wed, 07 Jun 2017 14:40:19 +0200},
}

@article{DBLP:journals/corr/abs-1301-3781,
  author    = {Tomas Mikolov and
               Kai Chen and
               Greg Corrado and
               Jeffrey Dean},
  title     = {Efficient Estimation of Word Representations in Vector Space},
  journal   = {CoRR},
  volume    = {abs/1301.3781},
  year      = {2013},
  archivePrefix = {arXiv},
  timestamp = {Wed, 07 Jun 2017 14:42:25 +0200},
}



@article{vinyals2015order,
  author    = {Oriol Vinyals and
               Samy Bengio and
               Manjunath Kudlur},
  title     = {Order Matters: Sequence to sequence for sets},
  journal   = {CoRR},
  volume    = {abs/1511.06391},
  year      = {2016},
  archivePrefix = {arXiv},
  timestamp = {Mon, 13 Aug 2018 16:48:29 +0200},
}

@article{tsoumakas2007multi,
  title={Multi-label classification: An overview},
  author={Tsoumakas, Grigorios and Katakis, Ioannis},
  journal={International Journal of Data Warehousing and Mining (IJDWM)},
  volume={3},
  number={3},
  pages={1--13},
  year={2007},
  publisher={IGI Global}
}

@inproceedings{read2009classifier,
  title={Classifier chains for multi-label classification},
  author={Read, Jesse and Pfahringer, Bernhard and Holmes, Geoff and Frank, Eibe},
  booktitle={Joint European Conference on Machine Learning and Knowledge Discovery in Databases},
  pages={254--269},
  year={2009},
  organization={Springer}
}

@inproceedings{li2016conditional,
  title={Conditional bernoulli mixtures for multi-label classification},
  author={Li, Cheng and Wang, Bingyu and Pavlu, Virgil and Aslam, Javed},
  booktitle={International Conference on Machine Learning},
  pages={2482--2491},
  year={2016}
}

@inproceedings{ghamrawi2005collective,
  title={Collective multi-label classification},
  author={Ghamrawi, Nadia and McCallum, Andrew},
  booktitle={Proceedings of the 14th ACM international conference on Information and knowledge management},
  pages={195--200},
  year={2005},
  organization={ACM}
  }

@inproceedings{DBLP:conf/osdi/AbadiBCCDDDGIIK16,
  author    = {Mart{\'{\i}}n Abadi and
               Paul Barham and
               Jianmin Chen and
               Zhifeng Chen and
               Andy Davis and
               Jeffrey Dean and
               Matthieu Devin and
               Sanjay Ghemawat and
               Geoffrey Irving and
               Michael Isard and
               Manjunath Kudlur and
               Josh Levenberg and
               Rajat Monga and
               Sherry Moore and
               Derek Gordon Murray and
               Benoit Steiner and
               Paul A. Tucker and
               Vijay Vasudevan and
               Pete Warden and
               Martin Wicke and
               Yuan Yu and
               Xiaoqiang Zheng},
  title     = {TensorFlow: {A} System for Large-Scale Machine Learning},
  booktitle = {12th {USENIX} Symposium on Operating Systems Design and Implementation,
               {OSDI} 2016, Savannah, GA, USA, November 2-4, 2016.},
  pages     = {265--283},
  year      = {2016},
  timestamp = {Mon, 07 Nov 2016 14:38:04 +0100},
}

@article{DBLP:journals/corr/KingmaB14,
  author    = {Diederik P. Kingma and
               Jimmy Ba},
  title     = {Adam: {A} Method for Stochastic Optimization},
  journal   = {CoRR},
  volume    = {abs/1412.6980},
  year      = {2014},
  archivePrefix = {arXiv},
  timestamp = {Wed, 07 Jun 2017 14:40:52 +0200},
}

@inproceedings{DBLP:conf/nips/SutskeverVL14,
  author    = {Ilya Sutskever and
               Oriol Vinyals and
               Quoc V. Le},
  title     = {Sequence to Sequence Learning with Neural Networks},
  booktitle = {Advances in Neural Information Processing Systems 27: Annual Conference
               on Neural Information Processing Systems 2014, December 8-13 2014,
               Montreal, Quebec, Canada},
  pages     = {3104--3112},
  year      = {2014},
  timestamp = {Wed, 10 Dec 2014 21:34:12 +0100},
}


@inproceedings{liu2015optimality,
  title={On the optimality of classifier chain for multi-label classification},
  author={Liu, Weiwei and Tsang, Ivor},
  booktitle={Advances in Neural Information Processing Systems},
  pages={712--720},
  year={2015}
}

@article{wang2017regularizing,
  title={Regularizing Model Complexity and Label Structure for Multi-Label Text Classification},
  author={Wang, Bingyu and Li, Cheng and Pavlu, Virgil and Aslam, Javed},
  year={2017}
}

@article{DBLP:journals/corr/abs-1806-04822,
  author    = {Pengcheng Yang and
               Xu Sun and
               Wei Li and
               Shuming Ma and
               Wei Wu and
               Houfeng Wang},
  title     = {{SGM:} Sequence Generation Model for Multi-label Classification},
  journal   = {CoRR},
  volume    = {abs/1806.04822},
  year      = {2018},
  archivePrefix = {arXiv},
  timestamp = {Mon, 02 Jul 2018 18:15:11 +0200},
}

@article{DBLP:journals/pr/BoutellLSB04,
  author    = {Matthew R. Boutell and
               Jiebo Luo and
               Xipeng Shen and
               Christopher M. Brown},
  title     = {Learning multi-label scene classification},
  journal   = {Pattern Recognition},
  volume    = {37},
  number    = {9},
  pages     = {1757--1771},
  year      = {2004},
  timestamp = {Thu, 18 May 2017 09:54:33 +0200},
}

@techreport{lowerre1976harpy,
  title={The HARPY speech recognition system},
  author={Lowerre, Bruce T},
  year={1976},
  institution={CARNEGIE-MELLON UNIV PITTSBURGH PA DEPT OF COMPUTER SCIENCE}
}

@book{Aho:72,
    author  = {Alfred V. Aho and Jeffrey D. Ullman},
    title   = {The Theory of Parsing, Translation and Compiling},
    year    = "1972",
    volume  = "1",
    publisher = {Prentice-Hall},
    address = {Englewood Cliffs, NJ}
}

@book{APA:83,
    author  = {{American Psychological Association}},
    title   = {Publications Manual},
    year    = "1983",
   publisher = {American Psychological Association},
   address = {Washington, DC}
}

@article{ACM:83,
	author = {Association for Computing Machinery},
	year = "1983",
	journal = {Computing Reviews},
	volume = "24",
	number = "11",
	pages = "503--512"
}

@article{Chandra:81,
	author = {Ashok K. Chandra and Dexter C. Kozen and Larry J. Stockmeyer},
	year = "1981",
	title = {Alternation},
	journal = {Journal of the Association for Computing Machinery},
	volume = "28",
	number = "1",
	pages = "114--133",
}

@inproceedings{andrew2007scalable,
  title={Scalable training of {L1}-regularized log-linear models},
  author={Andrew, Galen and Gao, Jianfeng},
  booktitle={Proceedings of the 24th International Conference on Machine Learning},
  pages={33--40},
  year={2007},
}

@book{Gusfield:97,
    author  = {Dan Gusfield},
    title   = {Algorithms on Strings, Trees and Sequences},
    year    = "1997",
    publisher = {Cambridge University Press},
    address = {Cambridge, UK}
}

@inproceedings{borsch2011,
	Address = {Canberra, Australia},
	Author = {Benjamin Borschinger and Mark Johnson},
	Booktitle = {Proceedings of the Australasian Language Technology Association Workshop 2011},
	Month = {December},
	Pages = {10--18},
	Title = {A Particle Filter algorithm for {B}ayesian Wordsegmentation},
	Year = {2011}}

@article{rasooli-tetrault-2015,
    author    = {Mohammad Sadegh Rasooli and Joel R. Tetreault},
    title     = {Yara Parser: {A} Fast and Accurate Dependency Parser},
    journal   = {Computing Research Repository},
    volume    = {arXiv:1503.06733},
    year      = {2015},
    note    = {version 2}
}

@article{Ando2005,
	Acmid = {1194905},
	Author = {Ando, Rie Kubota and Zhang, Tong},
	Issn = {1532-4435},
	Issue_Date = {12/1/2005},
	Journal = {Journal of Machine Learning Research},
	Month = dec,
	Numpages = {37},
	Pages = {1817--1853},
	Publisher = {JMLR.org},
	Title = {A Framework for Learning Predictive Structures from Multiple Tasks and Unlabeled Data},
	Volume = {6},
	Year = {2005}}

@InProceedings{P16-1001,
  author =	"Goodman, James
  	 and Vlachos, Andreas
	     and Naradowsky, Jason",
  title =    "Noise reduction and targeted exploration in imitation learning for      Abstract Meaning Representation parsing    ",
  booktitle = 	    "Proceedings of the 54th Annual Meeting of the Association for      Computational Linguistics (Volume 1: Long Papers)    ",
  year =    "2016",
  publisher =	"Association for Computational Linguistics",
  pages =   "1--11",
  location =	"Berlin, Germany",
}

@InProceedings{C14-1001,
  author =	"Harper, Mary",
  title = 	"Learning from 26 Languages: Program Management and Science in the Babel Program",
  booktitle = 	"Proceedings of COLING 2014, the 25th International Conference on Computational Linguistics: Technical Papers",
  year =    "2014",
  publisher =	"Dublin City University and Association for Computational Linguistics",
  pages =   "1",
  location =	"Dublin, Ireland",
}

@inproceedings{DBLP:conf/icml/DembczynskiCH10,
  author    = {Krzysztof Dembczynski and
               Weiwei Cheng and
               Eyke H{\"{u}}llermeier},
  title     = {Bayes Optimal Multilabel Classification via Probabilistic Classifier
               Chains},
  booktitle = {Proceedings of the 27th International Conference on Machine Learning
               (ICML-10), June 21-24, 2010, Haifa, Israel},
  pages     = {279--286},
  year      = {2010},
  timestamp = {Fri, 12 Jun 2015 19:15:11 +0200},
}

@article{rumelhart1988learning,
  title={Learning representations by back-propagating errors},
  author={Rumelhart, David E and Hinton, Geoffrey E and Williams, Ronald J and others},
  journal={Cognitive modeling},
  volume={5},
  number={3},
  pages={1},
  year={1988}
}

@book{Aho:72,
    author  = {Alfred V. Aho and Jeffrey D. Ullman},
    title   = {The Theory of Parsing, Translation and Compiling},
    year    = "1972",
    volume  = "1",
    publisher = {Prentice-Hall},
    address = {Englewood Cliffs, NJ}
}

@book{APA:83,
    author  = {{American Psychological Association}},
    title   = {Publications Manual},
    year    = "1983",
   publisher = {American Psychological Association},
   address = {Washington, DC}
}

@article{Chandra:81,
	author = {Ashok K. Chandra and Dexter C. Kozen and Larry J. Stockmeyer},
	year = "1981",
	title = {Alternation},
	journal = {Journal of the Association for Computing Machinery},
	volume = "28",
	number = "1",
	pages = "114--133",
	doi = "10.1145/322234.322243",
}

@inproceedings{andrew2007scalable,
  title={Scalable training of {L1}-regularized log-linear models},
  author={Andrew, Galen and Gao, Jianfeng},
  booktitle={Proceedings of the 24th International Conference on Machine Learning},
  pages={33--40},
  year={2007},
}

@book{Gusfield:97,
    author  = {Dan Gusfield},
    title   = {Algorithms on Strings, Trees and Sequences},
    year    = "1997",
    publisher = {Cambridge University Press},
    address = {Cambridge, UK}
}

@article{rasooli-tetrault-2015,
    author    = {Mohammad Sadegh Rasooli and Joel R. Tetreault},
    title     = {Yara Parser: {A} Fast and Accurate Dependency Parser},
    journal   = {Computing Research Repository},
    volume    = {arXiv:1503.06733},
    year      = {2015},
    url       = {http://arxiv.org/abs/1503.06733},
    note    = {version 2}
}

@article{Ando2005,
	Acmid = {1194905},
	Author = {Ando, Rie Kubota and Zhang, Tong},
	Issn = {1532-4435},
	Issue_Date = {12/1/2005},
	Journal = {Journal of Machine Learning Research},
	Month = dec,
	Numpages = {37},
	Pages = {1817--1853},
	Publisher = {JMLR.org},
	Title = {A Framework for Learning Predictive Structures from Multiple Tasks and Unlabeled Data},
	Volume = {6},
	Year = {2005}}


@inproceedings{DBLP:conf/osdi/AbadiBCCDDDGIIK16,
  author    = {Mart{\'{\i}}n Abadi and
               Paul Barham and
               Jianmin Chen and
               Zhifeng Chen and
               Andy Davis and
               Jeffrey Dean and
               Matthieu Devin and
               Sanjay Ghemawat and
               Geoffrey Irving and
               Michael Isard and
               Manjunath Kudlur and
               Josh Levenberg and
               Rajat Monga and
               Sherry Moore and
               Derek Gordon Murray and
               Benoit Steiner and
               Paul A. Tucker and
               Vijay Vasudevan and
               Pete Warden and
               Martin Wicke and
               Yuan Yu and
               Xiaoqiang Zheng},
  title     = {TensorFlow: {A} System for Large-Scale Machine Learning},
  booktitle = {12th {USENIX} Symposium on Operating Systems Design and Implementation,
               {OSDI} 2016, Savannah, GA, USA, November 2-4, 2016.},
  pages     = {265--283},
  year      = {2016},
  timestamp = {Mon, 07 Nov 2016 14:38:04 +0100},
}

@inproceedings{Gardner2017AllenNLP,
  title={AllenNLP: A Deep Semantic Natural Language Processing Platform},
  author={Matt Gardner and Joel Grus and Mark Neumann and Oyvind Tafjord
    and Pradeep Dasigi and Nelson F. Liu and Matthew Peters and
    Michael Schmitz and Luke S. Zettlemoyer},
  year={2017},
}

@article{DBLP:journals/corr/abs-1909-04849,
  author    = {Sewon Min and
               Danqi Chen and
               Hannaneh Hajishirzi and
               Luke Zettlemoyer},
  title     = {A Discrete Hard {EM} Approach for Weakly Supervised Question Answering},
  journal   = {CoRR},
  volume    = {abs/1909.04849},
  year      = {2019},
}

@inproceedings{DBLP:conf/ijcai/ShaoGBJCLD19,
  author    = {Bo Shao and
               Yeyun Gong and
               Jun{-}Wei Bao and
               Jianshu Ji and
               Guihong Cao and
               Xiaola Lin and
               Nan Duan},
  title     = {Weakly Supervised Multi-task Learning for Semantic Parsing},
  booktitle = {Proceedings of the Twenty-Eighth International Joint Conference on
               Artificial Intelligence, {IJCAI} 2019, Macao, China, August 10-16,
               2019},
  pages     = {3375--3381},
  year      = {2019},
}

@article{DBLP:journals/corr/KingmaB14,
  author    = {Diederik P. Kingma and
               Jimmy Ba},
  title     = {Adam: {A} Method for Stochastic Optimization},
  journal   = {CoRR},
  volume    = {abs/1412.6980},
  year      = {2014},
  archivePrefix = {arXiv},
  timestamp = {Wed, 07 Jun 2017 14:40:52 +0200},
}

@inproceedings{DBLP:conf/coling/ZhouHZ18,
  author    = {Mantong Zhou and
               Minlie Huang and
               Xiaoyan Zhu},
  title     = {An Interpretable Reasoning Network for Multi-Relation Question Answering},
  booktitle = {Proceedings of the 27th International Conference on Computational
               Linguistics, {COLING} 2018, Santa Fe, New Mexico, USA, August 20-26,
               2018},
  pages     = {2010--2022},
  year      = {2018},
  timestamp = {Mon, 19 Aug 2019 18:13:43 +0200},
}

@inproceedings{DBLP:conf/acl/YihRMCS16,
  author    = {Wen{-}tau Yih and
               Matthew Richardson and
               Christopher Meek and
               Ming{-}Wei Chang and
               Jina Suh},
  title     = {The Value of Semantic Parse Labeling for Knowledge Base Question Answering},
  booktitle = {Proceedings of the 54th Annual Meeting of the Association for Computational
               Linguistics, {ACL} 2016, August 7-12, 2016, Berlin, Germany, Volume
               2: Short Papers},
  year      = {2016},
  timestamp = {Mon, 19 Aug 2019 18:10:10 +0200},
}

@inproceedings{DBLP:conf/acl/YihCHG15,
  author    = {Wen{-}tau Yih and
               Ming{-}Wei Chang and
               Xiaodong He and
               Jianfeng Gao},
  title     = {Semantic Parsing via Staged Query Graph Generation: Question Answering
               with Knowledge Base},
  booktitle = {Proceedings of the 53rd Annual Meeting of the Association for Computational
               Linguistics and the 7th International Joint Conference on Natural
               Language Processing of the Asian Federation of Natural Language Processing,
               {ACL} 2015, July 26-31, 2015, Beijing, China, Volume 1: Long Papers},
  pages     = {1321--1331},
  year      = {2015},
  timestamp = {Mon, 19 Aug 2019 18:10:00 +0200},
}

@article{DBLP:journals/corr/abs-1807-09623,
  author    = {Alon Talmor and
               Jonathan Berant},
  title     = {Repartitioning of the ComplexWebQuestions Dataset},
  journal   = {CoRR},
  volume    = {abs/1807.09623},
  year      = {2018},
  archivePrefix = {arXiv},
  timestamp = {Mon, 13 Aug 2018 16:47:50 +0200},
}


@inproceedings{DBLP:conf/emnlp/SunDZMSC18,
  author    = {Haitian Sun and
               Bhuwan Dhingra and
               Manzil Zaheer and
               Kathryn Mazaitis and
               Ruslan Salakhutdinov and
               William W. Cohen},
  title     = {Open Domain Question Answering Using Early Fusion of Knowledge Bases
               and Text},
  booktitle = {Proceedings of the 2018 Conference on Empirical Methods in Natural
               Language Processing, Brussels, Belgium, October 31 - November 4, 2018},
  pages     = {4231--4242},
  year      = {2018},
  timestamp = {Tue, 20 Aug 2019 11:59:37 +0200},
}

@misc{freebase:datadumps,
  title = "Freebase Data Dumps",
  author = "Google",
  howpublished = "\url{https://developers.google.com/freebase/data}",
  edition = "<month> <day>, <year>",
  year = "2013"
}

@inproceedings{DBLP:conf/nips/BordesUGWY13,
  author    = {Antoine Bordes and
               Nicolas Usunier and
               Alberto Garc{\'{\i}}a{-}Dur{\'{a}}n and
               Jason Weston and
               Oksana Yakhnenko},
  title     = {Translating Embeddings for Modeling Multi-relational Data},
  booktitle = {Advances in Neural Information Processing Systems 26: 27th Annual
               Conference on Neural Information Processing Systems 2013. Proceedings
               of a meeting held December 5-8, 2013, Lake Tahoe, Nevada, United States.},
  pages     = {2787--2795},
  year      = {2013},
  timestamp = {Fri, 31 Jan 2014 12:11:40 +0100},
}

@article{DBLP:journals/corr/TrouillonN17,
  author    = {Th{\'{e}}o Trouillon and
               Maximilian Nickel},
  title     = {Complex and Holographic Embeddings of Knowledge Graphs: {A} Comparison},
  journal   = {CoRR},
  volume    = {abs/1707.01475},
  year      = {2017},
}

@inproceedings{DBLP:conf/acl/LiangBLFL17,
  author    = {Chen Liang and
               Jonathan Berant and
               Quoc V. Le and
               Kenneth D. Forbus and
               Ni Lao},
  title     = {Neural Symbolic Machines: Learning Semantic Parsers on Freebase with
               Weak Supervision},
  booktitle = {Proceedings of the 55th Annual Meeting of the Association for Computational
               Linguistics, {ACL} 2017, Vancouver, Canada, July 30 - August 4, Volume
               1: Long Papers},
  pages     = {23--33},
  year      = {2017},
  timestamp = {Tue, 20 Aug 2019 11:59:17 +0200},
}


@inproceedings{DBLP:conf/naacl/ChenCCNK19,
  author    = {Zi{-}Yuan Chen and
               Chih{-}Hung Chang and
               Yi{-}Pei Chen and
               Jijnasa Nayak and
               Lun{-}Wei Ku},
  title     = {UHop: An Unrestricted-Hop Relation Extraction Framework for Knowledge-Based
               Question Answering},
  booktitle = {Proceedings of the 2019 Conference of the North American Chapter of
               the Association for Computational Linguistics: Human Language Technologies,
               {NAACL-HLT} 2019, Minneapolis, MN, USA, June 2-7, 2019, Volume 1 (Long
               and Short Papers)},
  pages     = {345--356},
  year      = {2019},
  timestamp = {Mon, 19 Aug 2019 18:12:46 +0200},
}

@inproceedings{DBLP:conf/emnlp/MillerFDKBW16,
  author    = {Alexander H. Miller and
               Adam Fisch and
               Jesse Dodge and
               Amir{-}Hossein Karimi and
               Antoine Bordes and
               Jason Weston},
  title     = {Key-Value Memory Networks for Directly Reading Documents},
  booktitle = {Proceedings of the 2016 Conference on Empirical Methods in Natural
               Language Processing, {EMNLP} 2016, Austin, Texas, USA, November 1-4,
               2016},
  pages     = {1400--1409},
  year      = {2016},
  timestamp = {Mon, 19 Aug 2019 18:11:07 +0200},
}

@inproceedings{DBLP:conf/acl/YuYHSXZ17,
  author    = {Mo Yu and
               Wenpeng Yin and
               Kazi Saidul Hasan and
               C{\'{\i}}cero Nogueira dos Santos and
               Bing Xiang and
               Bowen Zhou},
  title     = {Improved Neural Relation Detection for Knowledge Base Question Answering},
  booktitle = {Proceedings of the 55th Annual Meeting of the Association for Computational
               Linguistics, {ACL} 2017, Vancouver, Canada, July 30 - August 4, Volume
               1: Long Papers},
  pages     = {571--581},
  year      = {2017},
  timestamp = {Tue, 20 Aug 2019 11:59:29 +0200},
}

@article{DBLP:journals/corr/abs-1908-11053,
  author    = {Jiwei Ding and
               Wei Hu and
               Qixin Xu and
               Yuzhong Qu},
  title     = {Leveraging Frequent Query Substructures to Generate Formal Queries
               for Complex Question Answering},
  journal   = {CoRR},
  volume    = {abs/1908.11053},
  year      = {2019},
  archivePrefix = {arXiv},
}

@article{DBLP:journals/corr/abs-1801-09893,
  author    = {Hongzhi Zhang and
               Guandong Xu and
               Xiao Liang and
               Tinglei Huang and
               Kun Fu},
  title     = {An Attention-Based Word-Level Interaction Model: Relation Detection
               for Knowledge Base Question Answering},
  journal   = {CoRR},
  volume    = {abs/1801.09893},
  year      = {2018},
  archivePrefix = {arXiv},
  timestamp = {Mon, 13 Aug 2018 16:46:55 +0200},
}

@inproceedings{DBLP:conf/ijcai/LanW019,
  author    = {Yunshi Lan and
               Shuohang Wang and
               Jing Jiang},
  title     = {Knowledge Base Question Answering with Topic Units},
  booktitle = {Proceedings of the Twenty-Eighth International Joint Conference on
               Artificial Intelligence, {IJCAI} 2019, Macao, China, August 10-16,
               2019},
  pages     = {5046--5052},
  year      = {2019},
  timestamp = {Tue, 20 Aug 2019 16:18:18 +0200},
}

@inproceedings{DBLP:conf/ijcai/AnsariSKBSC19,
  author    = {Ghulam Ahmed Ansari and
               Amrita Saha and
               Vishwajeet Kumar and
               Mohan Bhambhani and
               Karthik Sankaranarayanan and
               Soumen Chakrabarti},
  title     = {Neural Program Induction for {KBQA} Without Gold Programs or Query
               Annotations},
  booktitle = {Proceedings of the Twenty-Eighth International Joint Conference on
               Artificial Intelligence, {IJCAI} 2019, Macao, China, August 10-16,
               2019},
  pages     = {4890--4896},
  year      = {2019},
}

@inproceedings{DBLP:conf/naacl/LiGBGD16,
  author    = {Jiwei Li and
               Michel Galley and
               Chris Brockett and
               Jianfeng Gao and
               Bill Dolan},
  title     = {A Diversity-Promoting Objective Function for Neural Conversation Models},
  booktitle = {{NAACL} {HLT} 2016, The 2016 Conference of the North American Chapter
               of the Association for Computational Linguistics: Human Language Technologies,
               San Diego California, USA, June 12-17, 2016},
  pages     = {110--119},
  year      = {2016},
}

@inproceedings{DBLP:conf/acl/LiYSLYCZL19,
  author    = {Xiaoya Li and
               Fan Yin and
               Zijun Sun and
               Xiayu Li and
               Arianna Yuan and
               Duo Chai and
               Mingxin Zhou and
               Jiwei Li},
  title     = {Entity-Relation Extraction as Multi-Turn Question Answering},
  booktitle = {Proceedings of the 57th Conference of the Association for Computational
               Linguistics, {ACL} 2019, Florence, Italy, July 28- August 2, 2019,
               Volume 1: Long Papers},
  pages     = {1340--1350},
  year      = {2019},
}

@inproceedings{DBLP:conf/aaai/DengXLYDFLS19,
  author    = {Yang Deng and
               Yuexiang Xie and
               Yaliang Li and
               Min Yang and
               Nan Du and
               Wei Fan and
               Kai Lei and
               Ying Shen},
  title     = {Multi-Task Learning with Multi-View Attention for Answer Selection
               and Knowledge Base Question Answering},
  booktitle = {The Thirty-Third {AAAI} Conference on Artificial Intelligence, {AAAI}
               2019, The Thirty-First Innovative Applications of Artificial Intelligence
               Conference, {IAAI} 2019, The Ninth {AAAI} Symposium on Educational
               Advances in Artificial Intelligence, {EAAI} 2019, Honolulu, Hawaii,
               USA, January 27 - February 1, 2019},
  pages     = {6318--6325},
  year      = {2019},
}

@article{DBLP:journals/corr/YangC16a,
  author    = {Yi Yang and
               Ming{-}Wei Chang},
  title     = {{S-MART:} Novel Tree-based Structured Learning Algorithms Applied
               to Tweet Entity Linking},
  journal   = {CoRR},
  volume    = {abs/1609.08075},
  year      = {2016},
  archivePrefix = {arXiv},
  timestamp = {Mon, 13 Aug 2018 16:48:19 +0200},
}
@inproceedings{DBLP:conf/acl/XuRFHZ16,
  author    = {Kun Xu and
               Siva Reddy and
               Yansong Feng and
               Songfang Huang and
               Dongyan Zhao},
  title     = {Question Answering on Freebase via Relation Extraction and Textual
               Evidence},
  booktitle = {Proceedings of the 54th Annual Meeting of the Association for Computational
               Linguistics, {ACL} 2016, August 7-12, 2016, Berlin, Germany, Volume
               1: Long Papers},
  year      = {2016},
  timestamp = {Mon, 19 Aug 2019 18:09:13 +0200},
}
@inproceedings{DBLP:conf/emnlp/DongMRL17,
  author    = {Li Dong and
               Jonathan Mallinson and
               Siva Reddy and
               Mirella Lapata},
  title     = {Learning to Paraphrase for Question Answering},
  booktitle = {Proceedings of the 2017 Conference on Empirical Methods in Natural
               Language Processing, {EMNLP} 2017, Copenhagen, Denmark, September
               9-11, 2017},
  pages     = {875--886},
  year      = {2017},
  timestamp = {Tue, 20 Aug 2019 11:59:59 +0200},
}
@inproceedings{DBLP:conf/acl/HaoZLHLWZ17,
  author    = {Yanchao Hao and
               Yuanzhe Zhang and
               Kang Liu and
               Shizhu He and
               Zhanyi Liu and
               Hua Wu and
               Jun Zhao},
  title     = {An End-to-End Model for Question Answering over Knowledge Base with
               Cross-Attention Combining Global Knowledge},
  booktitle = {Proceedings of the 55th Annual Meeting of the Association for Computational
               Linguistics, {ACL} 2017, Vancouver, Canada, July 30 - August 4, Volume
               1: Long Papers},
  pages     = {221--231},
  year      = {2017},
  timestamp = {Tue, 20 Aug 2019 11:59:04 +0200},
}
@inproceedings{DBLP:conf/acl/YaoD14,
  author    = {Xuchen Yao and
               Benjamin Van Durme},
  title     = {Information Extraction over Structured Data: Question Answering with
               Freebase},
  booktitle = {Proceedings of the 52nd Annual Meeting of the Association for Computational
               Linguistics, {ACL} 2014, June 22-27, 2014, Baltimore, MD, USA, Volume
               1: Long Papers},
  pages     = {956--966},
  year      = {2014},
  timestamp = {Mon, 19 Aug 2019 18:08:48 +0200},
}
@article{DBLP:journals/corr/BordesUCW15,
  author    = {Antoine Bordes and
               Nicolas Usunier and
               Sumit Chopra and
               Jason Weston},
  title     = {Large-scale Simple Question Answering with Memory Networks},
  journal   = {CoRR},
  volume    = {abs/1506.02075},
  year      = {2015},
  archivePrefix = {arXiv},
  eprint    = {1506.02075},
  timestamp = {Mon, 13 Aug 2018 16:48:15 +0200},
}
@inproceedings{DBLP:conf/emnlp/LaoMC11,
  author    = {Ni Lao and
               Tom M. Mitchell and
               William W. Cohen},
  title     = {Random Walk Inference and Learning in {A} Large Scale Knowledge Base},
  booktitle = {Proceedings of the 2011 Conference on Empirical Methods in Natural
               Language Processing, {EMNLP} 2011, 27-31 July 2011, John McIntyre
               Conference Centre, Edinburgh, UK, {A} meeting of SIGDAT, a Special
               Interest Group of the {ACL}},
  pages     = {529--539},
  year      = {2011},
  timestamp = {Mon, 19 Aug 2019 18:10:34 +0200},
}
@inproceedings{DBLP:conf/emnlp/GardnerTKM13,
  author    = {Matt Gardner and
               Partha Pratim Talukdar and
               Bryan Kisiel and
               Tom M. Mitchell},
  title     = {Improving Learning and Inference in a Large Knowledge-Base using Latent
               Syntactic Cues},
  booktitle = {Proceedings of the 2013 Conference on Empirical Methods in Natural
               Language Processing, {EMNLP} 2013, 18-21 October 2013, Grand Hyatt
               Seattle, Seattle, Washington, USA, {A} meeting of SIGDAT, a Special
               Interest Group of the {ACL}},
  pages     = {833--838},
  year      = {2013},
  timestamp = {Mon, 19 Aug 2019 18:11:02 +0200},
}
@inproceedings{DBLP:conf/emnlp/XiongHW17,
  author    = {Wenhan Xiong and
               Thien Hoang and
               William Yang Wang},
  title     = {DeepPath: {A} Reinforcement Learning Method for Knowledge Graph Reasoning},
  booktitle = {Proceedings of the 2017 Conference on Empirical Methods in Natural
               Language Processing, {EMNLP} 2017, Copenhagen, Denmark, September
               9-11, 2017},
  pages     = {564--573},
  year      = {2017},
  timestamp = {Tue, 20 Aug 2019 11:59:52 +0200},
}
@inproceedings{DBLP:conf/naacl/XuLFW19,
  author    = {Kun Xu and
               Yuxuan Lai and
               Yansong Feng and
               Zhiguo Wang},
  title     = {Enhancing Key-Value Memory Neural Networks for Knowledge Based Question
               Answering},
  booktitle = {Proceedings of the 2019 Conference of the North American Chapter of
               the Association for Computational Linguistics: Human Language Technologies,
               {NAACL-HLT} 2019, Minneapolis, MN, USA, June 2-7, 2019, Volume 1 (Long
               and Short Papers)},
  pages     = {2937--2947},
  year      = {2019},
  timestamp = {Mon, 19 Aug 2019 18:13:23 +0200},
}
@inproceedings{DBLP:conf/acl/DongWZX15,
  author    = {Li Dong and
               Furu Wei and
               Ming Zhou and
               Ke Xu},
  title     = {Question Answering over Freebase with Multi-Column Convolutional Neural
               Networks},
  booktitle = {Proceedings of the 53rd Annual Meeting of the Association for Computational
               Linguistics and the 7th International Joint Conference on Natural
               Language Processing of the Asian Federation of Natural Language Processing,
               {ACL} 2015, July 26-31, 2015, Beijing, China, Volume 1: Long Papers},
  pages     = {260--269},
  year      = {2015},
  timestamp = {Mon, 19 Aug 2019 18:10:00 +0200},
}
@inproceedings{DBLP:conf/cikm/BastH15,
  author    = {Hannah Bast and
               Elmar Haussmann},
  title     = {More Accurate Question Answering on Freebase},
  booktitle = {Proceedings of the 24th {ACM} International Conference on Information
               and Knowledge Management, {CIKM} 2015, Melbourne, VIC, Australia,
               October 19 - 23, 2015},
  pages     = {1431--1440},
  year      = {2015},
  timestamp = {Tue, 16 Apr 2019 17:19:28 +0200},
}
@inproceedings{DBLP:conf/coling/YinYXZS16,
  author    = {Wenpeng Yin and
               Mo Yu and
               Bing Xiang and
               Bowen Zhou and
               Hinrich Sch{\"{u}}tze},
  title     = {Simple Question Answering by Attentive Convolutional Neural Network},
  booktitle = {{COLING} 2016, 26th International Conference on Computational Linguistics,
               Proceedings of the Conference: Technical Papers, December 11-16, 2016,
               Osaka, Japan},
  pages     = {1746--1756},
  year      = {2016},
  timestamp = {Tue, 20 Aug 2019 13:23:49 +0200},
}
@inproceedings{DBLP:conf/adbis/YuHYZW18,
  author    = {Yang Yu and
               Kazi Saidul Hasan and
               Mo Yu and
               Wei Zhang and
               Zhiguo Wang},
  title     = {Knowledge Base Relation Detection via Multi-View Matching},
  booktitle = {New Trends in Databases and Information Systems - {ADBIS} 2018 Short
               Papers and Workshops, AI*QA, BIGPMED, CSACDB, M2U, BigDataMAPS, ISTREND,
               DC, Budapest, Hungary, September, 2-5, 2018, Proceedings},
  pages     = {286--294},
  year      = {2018},
  timestamp = {Mon, 03 Sep 2018 16:58:55 +0200},
}


@inproceedings{DBLP:conf/www/AbujabalYRW17,
  author    = {Abdalghani Abujabal and
               Mohamed Yahya and
               Mirek Riedewald and
               Gerhard Weikum},
  title     = {Automated Template Generation for Question Answering over Knowledge
               Graphs},
  booktitle = {Proceedings of the 26th International Conference on World Wide Web,
               {WWW} 2017, Perth, Australia, April 3-7, 2017},
  pages     = {1191--1200},
  year      = {2017},
  timestamp = {Tue, 06 Nov 2018 16:57:07 +0100},
}

@inproceedings{DBLP:conf/emnlp/LuoLLZ18,
  author    = {Kangqi Luo and
               Fengli Lin and
               Xusheng Luo and
               Kenny Q. Zhu},
  title     = {Knowledge Base Question Answering via Encoding of Complex Query Graphs},
  booktitle = {Proceedings of the 2018 Conference on Empirical Methods in Natural
               Language Processing, Brussels, Belgium, October 31 - November 4, 2018},
  pages     = {2185--2194},
  year      = {2018},
  timestamp = {Tue, 20 Aug 2019 12:00:00 +0200},
}


@inproceedings{DBLP:conf/acl/MinZZH19,
  author    = {Sewon Min and
               Victor Zhong and
               Luke Zettlemoyer and
               Hannaneh Hajishirzi},
  title     = {Multi-hop Reading Comprehension through Question Decomposition and
               Rescoring},
  booktitle = {Proceedings of the 57th Conference of the Association for Computational
               Linguistics, {ACL} 2019, Florence, Italy, July 28- August 2, 2019,
               Volume 1: Long Papers},
  pages     = {6097--6109},
  year      = {2019},
  timestamp = {Mon, 19 Aug 2019 18:08:28 +0200},
}

@article{DBLP:journals/pvldb/ZhengYZC18,
  author    = {Weiguo Zheng and
               Jeffrey Xu Yu and
               Lei Zou and
               Hong Cheng},
  title     = {Question Answering Over Knowledge Graphs: Question Understanding Via
               Template Decomposition},
  journal   = {{PVLDB}},
  volume    = {11},
  number    = {11},
  pages     = {1373--1386},
  year      = {2018},
  timestamp = {Fri, 30 Nov 2018 11:58:40 +0100},
}

@inproceedings{liu2015mining,
  title={Mining quality phrases from massive text corpora},
  author={Liu, Jialu and Shang, Jingbo and Wang, Chi and Ren, Xiang and Han, Jiawei},
  booktitle={Proceedings of the 2015 ACM SIGMOD International Conference on Management of Data},
  pages={1729--1744},
  year={2015},
  organization={ACM}
}
@inproceedings{smith2008dependency,
  title={{Dependency Parsing by Belief Propagation}},
  author={Smith, David A and Eisner, Jason},
  booktitle={Proceedings of the Conference on Empirical Methods in Natural Language Processing},
  pages={145--156},
  year={2008},
  organization={Association for Computational Linguistics}
}
@article{mercer2004sociocultural,
  title={{Sociocultural Discourse Analysis}},
  author={Mercer, Neil},
  journal={Journal of applied linguistics},
  volume={1},
  number={2},
  pages={137--168},
  year={2004}
}
@InProceedings{litman-EtAl:2016:EMNLP2016,
  author    = {Litman, Diane  and  Paletz, Susannah  and  Rahimi, Zahra  and  Allegretti, Stefani  and  Rice, Caitlin},
  title     = {{The Teams Corpus and Entrainment in Multi-Party Spoken Dialogues}},
  booktitle = {Proceedings of the 2016 Conference on Empirical Methods in Natural Language Processing},
  month     = {November},
  year      = {2016},
  address   = {Austin, Texas},
  publisher = {Association for Computational Linguistics},
  pages     = {1421--1431},
}
@inproceedings{nenkova2008high,
  title={{High Frequency Word Entrainment in Spoken Dialogue}},
  author={Nenkova, Ani and Gravano, Agustin and Hirschberg, Julia},
  booktitle={Proceedings of the 46th annual meeting of the association for computational linguistics on human language technologies: Short papers},
  pages={169--172},
  year={2008},
  organization={Association for Computational Linguistics}
}
@inproceedings{liu2010using,
  title={{Using Spoken Utterance Compression for Meeting Summarization: A Pilot Study}},
  author={Liu, Fei and Liu, Yang},
  booktitle={Spoken Language Technology Workshop (SLT), 2010 IEEE},
  pages={37--42},
  year={2010},
  organization={IEEE}
}
@inproceedings{gillick2009global,
  title={{A Global Optimization Framework for Meeting Summarization}},
  author={Gillick, Dan and Riedhammer, Korbinian and Favre, Benoit and Hakkani-Tur, Dilek},
  booktitle={Acoustics, Speech and Signal Processing, 2009. ICASSP 2009. IEEE International Conference on},
  pages={4769--4772},
  year={2009},
  organization={IEEE}
}
@inproceedings{Lin:2003:AES:1073445.1073465,
 author = {Lin, Chin-Yew and Hovy, Eduard},
 title = {{Automatic Evaluation of Summaries Using N-gram Co-occurrence Statistics}},
 booktitle = {Proceedings of the 2003 Conference of the North American Chapter of the Association for Computational Linguistics on Human Language Technology - Volume 1},
 year = {2003},
 location = {Edmonton, Canada},
 pages = {71--78},
 numpages = {8},
 acmid = {1073465},
}
@article{HernaultPdI10,
  author    = {Hugo Hernault and
               Helmut Prendinger and
               David A. duVerle and
               Mitsuru Ishizuka},
  title     = {{{HILDA:} {A} Discourse Parser Using Support Vector Machine Classification}},
  journal   = {Dialogue {\&} Discourse},
  volume    = {1},
  number    = {3},
  pages     = {1--33},
  year      = {2010},
}
@inproceedings{Klein:2003:AUP:1075096.1075150,
 author = {Klein, Dan and Manning, Christopher D.},
 title = {{Accurate Unlexicalized Parsing}},
 booktitle = {Proceedings of the 41st Annual Meeting on Association for Computational Linguistics - Volume 1},
 series = {ACL '03},
 year = {2003},
 location = {Sapporo, Japan},
 pages = {423--430},
 numpages = {8},
 acmid = {1075150},
 publisher = {Association for Computational Linguistics},
 address = {Stroudsburg, PA, USA},
}
@book{kirschner2012visualizing,
  title={{Visualizing Argumentation: Software Tools for Collaborative and Educational Sense-making}},
  author={Kirschner, Paul A and Buckingham-Shum, Simon J and Carr, Chad S},
  year={2012},
  publisher={Springer Science \& Business Media}
}

@inproceedings{hakkani2009towards,
  title={{Towards Automatic Argument Diagramming of Multiparity Meetings}},
  author={Hakkani-Tur, Dilek},
  booktitle={Acoustics, Speech and Signal Processing, 2009. ICASSP 2009. IEEE International Conference on},
  pages={4753--4756},
  year={2009},
  organization={IEEE}
}
@inproceedings{DBLP:conf/sigdial/BarkerPAKHG16,
  author={Emma Barker and Monica Lestari Paramita and Ahmet Aker and Emina Kurtic and Mark Hepple and Robert J. Gaizauskas},
  title={{The {SENSEI} Annotated Corpus: Human Summaries of Reader Comment Conversations in On-line News}},
  booktitle={Proceedings of the {SIGDIAL} 2016 Conference, The 17th Annual Meeting of the Special Interest Group on Discourse and Dialogue, 13-15 September 2016, Los Angeles, CA, {USA}},
  pages={42--52},
  publisher={The Association for Computer Linguistics},
  year=2016,
  timestamp={Fri, 04 Nov 2016 11:22:24 +0100},
  biburl={http://dblp.uni-trier.de/rec/bib/conf/sigdial/BarkerPAKHG16},
  bibsource={dblp computer science bibliography, http://dblp.org}
}
@inproceedings{ghosh2014analyzing,
  title={{Analyzing Argumentative Discourse Units in Online Interactions}},
  author={Ghosh, Debanjan and Muresan, Smaranda and Wacholder, Nina and Aakhus, Mark and Mitsui, Matthew},
  booktitle={Proceedings of the First Workshop on Argumentation Mining},
  pages={39--48},
  year={2014}
}
@inproceedings{bender2011annotating,
  title={{Annotating Social Acts: Authority Claims and Alignment Moves in Wikipedia Talk Pages}},
  author={Bender, Emily M and Morgan, Jonathan T and Oxley, Meghan and Zachry, Mark and Hutchinson, Brian and Marin, Alex and Zhang, Bin and Ostendorf, Mari},
  booktitle={Proceedings of the Workshop on Languages in Social Media},
  pages={48--57},
  year={2011},
  organization={Association for Computational Linguistics}
}

@inproceedings{Cohen04learningto,
  author    = {Cohen, William W.  and  Carvalho, Vitor R.  and  Mitchell, Tom M.},
  title     = {{Learning to Classify Email into ``Speech Acts'' }},
  booktitle = {Proceedings of the 2004 Conference on Empirical Methods in Natural Language Processing},
  editor = {Dekang Lin and Dekai Wu},
  year      = 2004,
  month     = {July},
  address   = {Barcelona, Spain},
  publisher = {Association for Computational Linguistics},
  pages     = {309--316}
}

@InProceedings{kalchbrenner2013recurrent,
  author    = {Kalchbrenner, Nal  and  Blunsom, Phil},
  title     = {{Recurrent Convolutional Neural Networks for Discourse Compositionality}},
  booktitle = {Proceedings of the Workshop on Continuous Vector Space Models and their Compositionality},
  month     = {August},
  year      = {2013},
  address   = {Sofia, Bulgaria},
  publisher = {Association for Computational Linguistics},
  pages     = {119--126},
}


@article{dielmann2008recognition,
  title={{Recognition of Dialogue Acts in Multiparty Meetings Using a Switching DBN}},
  author={Dielmann, Alfred and Renals, Steve},
  journal={IEEE transactions on audio, speech, and language processing},
  volume={16},
  number={7},
  pages={1303--1314},
  year={2008},
  publisher={IEEE}
}
@article{stolcke2000dialogue,
  title={{Dialogue Act Modeling for Automatic Tagging and Recognition of Conversational Speech}},
  author={Stolcke, Andreas and Ries, Klaus and Coccaro, Noah and Shriberg, Elizabeth and Bates, Rebecca and Jurafsky, Daniel and Taylor, Paul and Martin, Rachel and Van Ess-Dykema, Carol and Meteer, Marie},
  journal={Computational linguistics},
  volume={26},
  number={3},
  pages={339--373},
  year={2000},
  publisher={MIT Press}
}
@InProceedings{ji-haffari-eisenstein:2016:N16-1,
  author    = {Ji, Yangfeng  and  Haffari, Gholamreza  and  Eisenstein, Jacob},
  title     = {{A Latent Variable Recurrent Neural Network for Discourse-Driven Language Models}},
  booktitle = {Proceedings of the 2016 Conference of the North American Chapter of the Association for Computational Linguistics: Human Language Technologies},
  month     = {June},
  year      = {2016},
  address   = {San Diego, California},
  publisher = {Association for Computational Linguistics},
  pages     = {332--342},
}
@inproceedings{wang2011predicting,
  title={{Predicting Thread Discourse Structure over Technical Web Forums}},
  author={Wang, Li and Lui, Marco and Kim, Su Nam and Nivre, Joakim and Baldwin, Timothy},
  booktitle={Proceedings of the Conference on Empirical Methods in Natural Language Processing},
  pages={13--25},
  year={2011},
  organization={Association for Computational Linguistics}
}
@InProceedings{perret-EtAl:2016:N16-1,
  author    = {Perret, J\'{e}r\'{e}my  and  Afantenos, Stergos  and  Asher, Nicholas  and  Morey, Mathieu},
  title     = {{Integer Linear Programming for Discourse Parsing}},
  booktitle = {Proceedings of the 2016 Conference of the North American Chapter of the Association for Computational Linguistics: Human Language Technologies},
  month     = {June},
  year      = {2016},
  address   = {San Diego, California},
  publisher = {Association for Computational Linguistics},
  pages     = {99--109},
}

@inproceedings{so65562,
       booktitle = {International Workshop on Multimodal Multiparty Meeting Processing, MMMP 2005, part of the 7th International Conference on Multimodal Interfaces, ICMI 2005},
          editor = {A. {Vinciarelli} and J-M. {Odobez}},
           title = {{Argument Diagramming of Meeting Conversations}},
          author = {Rutger {Rienks} and Dirk {Heylen} and E. van der {Weijden}},
            year = {2005}
}
@inproceedings{zhou2006summarization,
  title={{On the Summarization of Dynamically Introduced Information: Online Discussions and Blogs}},
  author={Zhou, Liang and Hovy, Eduard H},
  booktitle={AAAI Spring Symposium: Computational Approaches to Analyzing Weblogs},
  pages={237},
  year={2006}
}
@InProceedings{barker-EtAl:2016:SIGDIAL,
  author    = {Barker, Emma  and  Paramita, Monica Lestari  and  Aker, Ahmet  and  Kurtic, Emina  and  Hepple, Mark  and  Gaizauskas, Robert},
  title     = {{The SENSEI Annotated Corpus: Human Summaries of Reader Comment Conversations in On-line News}},
  booktitle = {Proceedings of the 17th Annual Meeting of the Special Interest Group on Discourse and Dialogue},
  month     = {September},
  year      = {2016},
  address   = {Los Angeles},
  publisher = {Association for Computational Linguistics},
  pages     = {42--52},
}

@article{bokaei2016extractive,
  title={{Extractive Summarization of Multi-party Meetings Through Discourse Segmentation}},
  author={Bokaei, Mohammad Hadi and Sameti, Hossein and Liu, Yang},
  journal={Natural Language Engineering},
  volume={22},
  number={01},
  pages={41--72},
  year={2016},
  publisher={Cambridge Univ Press}
}
@inproceedings{oya2014extractive,
  title={{Extractive Summarization and Dialogue Act Modeling on Email Threads: An Integrated Probabilistic Approach}},
  author={Oya, Tatsuro and Carenini, Giuseppe},
  booktitle={15th Annual Meeting of the Special Interest Group on Discourse and Dialogue},
  pages={133},
  year={2014}
}
@inproceedings{mckeown2007using,
  title={{Using Question-answer Pairs in Extractive Summarization of Email Conversations}},
  author={McKeown, Kathleen and Shrestha, Lokesh and Rambow, Owen},
  booktitle={International Conference on Intelligent Text Processing and Computational Linguistics},
  pages={542--550},
  year={2007},
  organization={Springer}
}

@inproceedings{loza2014building,
  title={{Building a Dataset for Summarization and Keyword Extraction from Emails}},
  author={Loza, Vanessa and Lahiri, Shibamouli and Mihalcea, Rada and Lai, Po-Hsiang},
  booktitle={LREC},
  pages={2441--2446},
  year={2014}
}

@inproceedings{Bui:2009:EDM:1708376.1708410,
 author = {Bui, Trung H. and Frampton, Matthew and Dowding, John and Peters, Stanley},
 title = {{Extracting Decisions from Multi-party Dialogue Using Directed Graphical Models and Semantic Similarity}},
 booktitle = {Proceedings of the SIGDIAL 2009 Conference: The 10th Annual Meeting of the Special Interest Group on Discourse and Dialogue},
 series = {SIGDIAL '09},
 year = {2009},
 isbn = {978-1-932432-64-0},
 location = {London, United Kingdom},
 pages = {235--243},
 numpages = {9},
 acmid = {1708410},
 publisher = {Association for Computational Linguistics},
 address = {Stroudsburg, PA, USA},
}
@inproceedings{zhou2005digesting,
  title={{Digesting Virtual Geek Culture: The Summarization of Technical Internet Relay Chats}},
  author={Zhou, Liang and Hovy, Eduard},
  booktitle={Proceedings of the 43rd Annual Meeting on Association for Computational Linguistics},
  pages={298--305},
  year={2005},
  organization={Association for Computational Linguistics}
}
@inproceedings{Galley:2006:SCR:1610075.1610126,
 author = {Galley, Michel},
 title = {{A Skip-chain Conditional Random Field for Ranking Meeting Utterances by Importance}},
 booktitle = {Proceedings of the 2006 Conference on Empirical Methods in Natural Language Processing},
 series = {EMNLP '06},
 year = {2006},
 isbn = {1-932432-73-6},
 location = {Sydney, Australia},
 pages = {364--372},
 numpages = {9},
 acmid = {1610126},
 publisher = {Association for Computational Linguistics},
 address = {Stroudsburg, PA, USA},
}
@inproceedings{Sandu:2010:DAS:1870526.1870529,
 author = {Sandu, Oana and Carenini, Giuseppe and Murray, Gabriel and Ng, Raymond},
 title = {{Domain Adaptation to Summarize Human Conversations}},
 booktitle = {Proceedings of the 2010 Workshop on Domain Adaptation for Natural Language Processing},
 series = {DANLP 2010},
 year = {2010},
 isbn = {978-1-932432-80-0},
 location = {Uppsala, Sweden},
 pages = {16--22},
 numpages = {7},
 acmid = {1870529},
 publisher = {Association for Computational Linguistics},
 address = {Stroudsburg, PA, USA},
}
@article{xie2010improving,
  title={{Improving Supervised Learning for Meeting Summarization Using Sampling and Regression}},
  author={Xie, Shasha and Liu, Yang},
  journal={Computer Speech \& Language},
  volume={24},
  number={3},
  pages={495--514},
  year={2010},
  publisher={Elsevier}
}
@BOOK{MurrayEtAl:book:2011, 
  author = "Giuseppe Careniniâ€Œ and Gabriel Murray and Raymond Ngâ€Œ", 
  editor = "M. Tamer Ã–zsu",  
  title = "Methods for Mining and Summarizing Text Conversations", 
  year = "2011", 
  publisher = "Morgan \& Claypool Publishers", 
  keywords = "Computational Linguistics, Sociolinguistics", 
}
@article{Riedhammer:2010:LSS:1837521.1837625,
 author = {Riedhammer, Korbinian and Favre, Benoit and Hakkani-T\"{u}r, Dilek},
 title = {{Long Story Short - Global Unsupervised Models for Keyphrase Based Meeting Summarization}},
 journal = {Speech Commun.},
 issue_date = {October, 2010},
 volume = {52},
 number = {10},
 month = oct,
 year = {2010},
 issn = {0167-6393},
 pages = {801--815},
 numpages = {15},
 acmid = {1837625},
 publisher = {Elsevier Science Publishers B. V.},
 address = {Amsterdam, The Netherlands, The Netherlands},
 keywords = {Global optimization, Keyphrases, Multi-party meetings speech, Summarization},
}
@inproceedings{FernandezFDAEP08,
  author    = {Raquel Fern{\'a}ndez and
               Matthew Frampton and
               John Dowding and
               Anish Adukuzhiyil and
               Patrick Ehlen and
               Stanley Peters},
  title     = {{Identifying Relevant Phrases to Summarize Decisions in Spoken
               Meetings}},
  booktitle = {INTERSPEECH},
  year      = {2008},
  pages     = {78-81},
  ee        = {http://www.isca-speech.org/archive/interspeech_2008/i08_0078.html},
  bibsource = {DBLP, http://dblp.uni-trier.de}
}
@inproceedings{Murray:2010:GVA:1873738.1873753,
 author = {Murray, Gabriel and Carenini, Giuseppe and Ng, Raymond},
 title = {{Generating and Validating Abstracts of Meeting Conversations: A User Study}},
 booktitle = {Proceedings of the 6th International Natural Language Generation Conference},
 series = {INLG '10},
 year = {2010},
 location = {Trim, Co. Meath, Ireland},
 pages = {105--113},
 numpages = {9},
 acmid = {1873753},
 publisher = {Association for Computational Linguistics},
 address = {Stroudsburg, PA, USA},
}
@inproceedings{murray2006incorporating,
  title={{Incorporating Speaker and Discourse Features into Speech Summarization}},
  author={Murray, Gabriel and Renals, Steve and Carletta, Jean and Moore, Johanna},
  booktitle={Proceedings of the main conference on Human Language Technology Conference of the North American Chapter of the Association of Computational Linguistics},
  pages={367--374},
  year={2006},
  organization={Association for Computational Linguistics}
}
@InProceedings{mehdad-carenini-ng:2014:P14-1,
  author    = {Mehdad, Yashar  and  Carenini, Giuseppe  and  Ng, Raymond T.},
  title     = {{Abstractive Summarization of Spoken and Written Conversations Based on Phrasal Queries}},
  booktitle = {Proceedings of the 52nd Annual Meeting of the Association for Computational Linguistics (Volume 1: Long Papers)},
  month     = {June},
  year      = {2014},
  address   = {Baltimore, Maryland},
  publisher = {Association for Computational Linguistics},
  pages     = {1220--1230},
}
@inproceedings{Wang:2011:SDS:2018987.2018990,
     author = {Wang, Lu and Cardie, Claire},
     title = {{Summarizing Decisions in Spoken Meetings}},
     booktitle = {Proceedings of the Workshop on Automatic Summarization for Different Genres, Media, and Languages},
     series = {WASDGML '11},
     year = {2011},
     isbn = {978-1-932432-94-7},
     location = {Portland, Oregon},
     pages = {16--24},
     numpages = {9},
     acmid = {2018990},
     publisher = {Association for Computational Linguistics},
     address = {Stroudsburg, PA, USA},
}
@InProceedings{wang-cardie:2013:ACL2013,
  author    = {Wang, Lu  and  Cardie, Claire},
  title     = {{Domain-Independent Abstract Generation for Focused Meeting Summarization}},
  booktitle = {Proceedings of the 51st Annual Meeting of the Association for Computational Linguistics (Volume 1: Long Papers)},
  month     = {August},
  year      = {2013},
  address   = {Sofia, Bulgaria},
  publisher = {Association for Computational Linguistics},
  pages     = {1395--1405},
}
@InProceedings{wang-cardie:2012:SIGDIAL20122,
      author    = {Wang, Lu  and  Cardie, Claire},
      title     = {{Focused Meeting Summarization via Unsupervised Relation Extraction}},
      booktitle = {Proceedings of the 13th Annual Meeting of the Special Interest Group on Discourse and Dialogue},
      month     = {July},
      year      = {2012},
      address   = {Seoul, South Korea},
      publisher = {Association for Computational Linguistics},
}
@inproceedings{ami,
 author = {Carletta, Jean and Ashby, Simone and Bourban, Sebastien and Flynn, Mike and Guillemot, Mael and Hain, Thomas and Kadlec, Jaroslav and Karaiskos, Vasilis and Kraaij, Wessel and Kronenthal, Melissa and Lathoud, Guillaume and Lincoln, Mike and Lisowska, Agnes and McCowan, Iain and Post, Wilfried and Reidsma, Dennis and Wellner, Pierre},
 title = {{The AMI Meeting Corpus: A Pre-announcement}},
 booktitle = {Proceedings of the Second International Conference on Machine Learning for Multimodal Interaction},
 series = {MLMI'05},
 year = {2006},
 isbn = {3-540-32549-2, 978-3-540-32549-9},
 location = {Edinburgh, UK},
 pages = {28--39},
 numpages = {12},
 publisher = {Springer-Verlag},
 address = {Berlin, Heidelberg},
}
@inproceedings{icsi,
  title={{The ICSI Meeting Corpus}},
  author={Janin, Adam and Baron, Don and Edwards, Jane and Ellis, Dan and Gelbart, David and Morgan, Nelson and Peskin, Barbara and Pfau, Thilo and Shriberg, Elizabeth and Stolcke, Andreas and others},
  booktitle={Acoustics, Speech, and Signal Processing, 2003. Proceedings.(ICASSP'03). 2003 IEEE International Conference on},
  volume={1},
  pages={I--I},
  year={2003},
  organization={IEEE}
}

@InProceedings{louis2010discourse,
  author    = {Louis, Annie  and  Joshi, Aravind  and  Nenkova, Ani},
  title     = {{Discourse Indicators for Content Selection in Summarization}},
  booktitle = {Proceedings of the SIGDIAL 2010 Conference},
  month     = {September},
  year      = {2010},
  address   = {Tokyo, Japan},
  publisher = {Association for Computational Linguistics},
  pages     = {147--156},
}

@InProceedings{liu2009unsupervised,
  author    = {Liu, Feifan  and  Pennell, Deana  and  Liu, Fei  and  Liu, Yang},
  title     = {{Unsupervised Approaches for Automatic Keyword Extraction Using Meeting Transcripts}},
  booktitle = {Proceedings of Human Language Technologies: The 2009 Annual Conference of the North American Chapter of the Association for Computational Linguistics},
  month     = {June},
  year      = {2009},
  address   = {Boulder, Colorado},
  publisher = {Association for Computational Linguistics},
  pages     = {620--628},
}

@article{collins2003head,
  title={{Head-driven Statistical Models for Natural Language Parsing}},
  author={Collins, Michael},
  journal={Computational linguistics},
  volume={29},
  number={4},
  pages={589--637},
  year={2003},
  publisher={MIT Press}
}

@inproceedings{xue2004calibrating,
  title={{Calibrating Features for Semantic Role Labeling.}},
  author={Xue, Nianwen and Palmer, Martha},
  booktitle={EMNLP},
  pages={88--94},
  year={2004}
}

@inproceedings{rohanimanesh2011samplerank,
  title={{Samplerank: Training Factor Graphs with Atomic Gradients}},
  author={Rohanimanesh, Khashayar and Bellare, Kedar and Culotta, Aron and McCallum, Andrew and Wick, Michael L},
  booktitle={Proceedings of the 28th International Conference on Machine Learning (ICML-11)},
  pages={777--784},
  year={2011}
}

@InProceedings{goyal2016joint,
  author    = {Goyal, Naman  and  Eisenstein, Jacob},
  title     = {{A Joint Model of Rhetorical Discourse Structure and Summarization}},
  booktitle = {Proceedings of the Workshop on Structured Prediction for NLP},
  month     = {November},
  year      = {2016},
  address   = {Austin, TX},
  publisher = {Association for Computational Linguistics},
  pages     = {25--34},
}

@article{kim2016improving,
  title={{Improving Team's Consistency of Understanding in Meetings}},
  author={Kim, Joseph and Shah, Julie A},
  journal={IEEE Transactions on Human-Machine Systems},
  volume={46},
  number={5},
  pages={625--637},
  year={2016},
}

@article{mulder2002assessing,
  title = {{Assessing Group Learning and Shared Understanding in Technology-mediated Interaction}},
  author = {Mulder, Ingrid and Swaak, Janine and Kessels, Joseph},
  journal = {Educational Technology \& Society},
  volume = {5},
  number = {1},
  pages = {35--47},
  year = {2002}
}